@article{Adamo-Barone.JCP.1998,
 author = {ADAMO, CARLO and BARONE, VINCENZO},
 doi = {10.1063/1.475428},
 issn = {0021-9606, 1089-7690},
 journal = {J. Chem. Phys.},
 langid = {english},
 month = {January},
 number = {2},
 pages = {664--675},
 title = {Exchange Functionals with Improved Long-Range Behavior and Adiabatic Connection Methods without Adjustable Parameters: {{The mPW}} and {{mPW1PW}} Models},
 volume = {108},
 year = {1998}
}

@article{Adamo-Barone.JCP.1999,
 author = {ADAMO, CARLO and BARONE, VINCENZO},
 doi = {10.1063/1.478522},
 journal = {J. Chem. Phys.},
 number = {13},
 pages = {6158--6170},
 title = {Toward reliable density functional methods without adjustable parameters: {The} {PBE0} model},
 volume = {110},
 year = {1999}
}

@article{Adamson-Pople.CPL.1998,
 author = {ADAMSON, ROSS D and GILL, PETER M.W and POPLE, JOHN A},
 doi = {10.1016/S0009-2614(97)01282-7},
 issn = {00092614},
 journal = {Chem. Phys. Lett.},
 langid = {english},
 month = {February},
 number = {1-2},
 pages = {6--11},
 title = {Empirical Density Functionals},
 volume = {284},
 year = {1998}
}

@article{Ahlrichs-Ahlrichs.CPC.1979,
 author = {AHLRICHS, REINHART},
 doi = {10.1016/0010-4655(79)90067-5},
 issn = {0010-4655},
 journal = {Comput. Phys. Commun.},
 number = {1},
 pages = {31 -- 45},
 title = {Many body perturbation calculations and coupled electron pair models},
 volume = {17},
 year = {1979}
}

@article{Ahlrichs-Ehrhardt.JCP.1985,
 author = {AHLRICHS, REINHART and SCHARF, PETER and EHRHARDT, CLAUS},
 doi = {10.1063/1.448517},
 journal = {J. Chem. Phys.},
 number = {2},
 pages = {890--898},
 title = {The coupled pair functional ({CPF}). {A} size consistent modification of the {CI}({SD}) based on an energy functional},
 volume = {82},
 year = {1985}
}

@article{Aikens-Gordon.TCA.2003,
 author = {AIKENS, CHRISTINE M. and WEBB, SIMON P. and BELL, ROB L. and FLETCHER, GRAHAM D. and SCHMIDT, MICHAEL W. and GORDON, MARK S.},
 doi = {10.1007/s00214-003-0453-3},
 issn = {1432-881X, 1432-2234},
 journal = {Theor. Chem. Acc.},
 month = {November},
 number = {4},
 pages = {233--253},
 title = {A derivation of the frozen-orbital unrestricted open-shell and restricted closed-shell second-order perturbation theory analytic gradient expressions},
 volume = {110},
 year = {2003}
}

@article{Alipour-Alipour.JPCA.2016,
 author = {ALIPOUR, MOJTABA},
 doi = {10.1021/acs.jpca.6b03406},
 issn = {1089-5639, 1520-5215},
 journal = {J. Phys. Chem. A},
 langid = {english},
 month = {May},
 number = {20},
 pages = {3726--3730},
 ranking = {rank4},
 title = {Seeking for {{Spin-Opposite-Scaled Double-Hybrid Models Free}} of {{Fitted Parameters}}},
 volume = {120},
 year = {2016}
}

@article{Alipour-Alipour.TCA.2015,
 author = {ALIPOUR, MOJTABA},
 doi = {10.1007/s00214-015-1689-4},
 issn = {1432-881X, 1432-2234},
 journal = {Theor. Chem. Acc.},
 langid = {english},
 month = {July},
 number = {7},
 pages = {87},
 title = {Designing a Paradigm for Parameter-Free Double-Hybrid Density Functionals through the Adiabatic Connection Path},
 volume = {134},
 year = {2015}
}

@article{Alipour-Karimi.JCTC.2021,
 author = {ALIPOUR, MOJTABA and KARIMI, NILOOFAR},
 doi = {10.1021/acs.jctc.1c00271},
 issn = {1549-9618, 1549-9626},
 journal = {J. Chem. Theory Comput.},
 langid = {english},
 month = {July},
 number = {7},
 pages = {4077--4091},
 title = {Spin-{{Opposite-Scaled Range-Separated Exchange Double-Hybrid Models}} ({{SOS-RSX-DHs}}): {{Marriage Between DH}} and {{RSX}}/{{SOS-RSX Is Not Always}} a {{Happy Match}}},
 volume = {17},
 year = {2021}
}

@article{Almloef-Almloef.CPL.1991,
 author = {ALMLÖF, JAN},
 doi = {10.1016/0009-2614(91)80078-C},
 issn = {00092614},
 journal = {Chem. Phys. Lett.},
 language = {en},
 month = {June},
 number = {4},
 pages = {319--320},
 title = {Elimination of energy denominators in {Møller}-{Plesset} perturbation theory by a {Laplace} transform approach},
 volume = {181},
 year = {1991}
}

@article{Andrae-Preuss.TCA.1990,
 author = {ANDRAE, D. and HÄUSSERMANN, U. and DOLG, M. and STOLL, H. and PREUSS, H.},
 doi = {10.1007/BF01114537},
 issn = {0040-5744, 1432-2234},
 journal = {Theor. Chim. Acta},
 language = {en},
 number = {2},
 pages = {123--141},
 title = {Energy-adjustedab initio pseudopotentials for the second and third row transition elements},
 volume = {77},
 year = {1990}
}

@article{Arago-Sancho-Garcia.JCTC.2013,
 author = {ARAG{\'O}, JUAN and ORT{\'I}, ENRIQUE and {SANCHO-GARC{\'I}A}, JUAN C.},
 doi = {10.1021/ct4003527},
 issn = {1549-9618, 1549-9626},
 journal = {J. Chem. Theory Comput.},
 langid = {english},
 month = {August},
 number = {8},
 pages = {3437--3443},
 title = {Nonlocal van Der {{Waals Approach Merged}} with {{Double-Hybrid Density Functionals}}: {{Toward}} the {{Accurate Treatment}} of {{Noncovalent Interactions}}},
 volume = {9},
 year = {2013}
}

@book{Atkins-Friedman.Oxford.2011,
 address = {New York},
 author = {ATKINS, P. W. and FRIEDMAN, RONALD},
 edition = {5\textsuperscript{th}},
 isbn = {978-0-19-954142-3},

 publisher = {Oxford University Press},
 title = {Molecular quantum mechanics},
 year = {2011}
}

@article{Austin-Throssell.JCTC.2012,
 author = {AUSTIN, AMY and PETERSSON, GEORGE A. and FRISCH, MICHAEL J. and DOBEK, FRANK J. and SCALMANI, GIOVANNI and THROSSELL, KYLE},
 doi = {10.1021/ct300778e},
 issn = {1549-9618, 1549-9626},
 journal = {J. Chem. Theory Comput.},
 langid = {english},
 month = {December},
 number = {12},
 pages = {4989--5007},
 title = {A {{Density Functional}} with {{Spherical Atom Dispersion Terms}}},
 volume = {8},
 year = {2012}
}

@article{Baker-Baker.WCMS.2015,
 author = {BAKER, CHRISTOPHER M.},
 copyright = {© 2015 John Wiley \& Sons, Ltd},
 doi = {10.1002/wcms.1215},
 issn = {1759-0884},
 journal = {WIREs Comput. Mol. Sci.},
 language = {en},
 number = {2},
 pages = {241--254},
 title = {Polarizable force fields for molecular dynamics simulations of biomolecules},
 volume = {5},
 year = {2015}
}

@article{Bartok-Yates.JCP.2019,
 author = {BART{\'O}K, ALBERT P. and YATES, JONATHAN R.},
 doi = {10.1063/1.5094646},
 issn = {0021-9606, 1089-7690},
 journal = {J. Chem. Phys.},
 langid = {english},
 month = {April},
 number = {16},
 pages = {161101},
 title = {Regularized {{SCAN}} Functional},
 volume = {150},
 year = {2019}
}

@article{Becke-Becke.JCP.1993,
 author = {BECKE, AXEL D.},
 doi = {10.1063/1.464913},
 journal = {J. Chem. Phys.},

 number = {7},
 pages = {5648--5652},
 title = {Density-functional thermochemistry. {III}. {The} role of exact exchange},
 volume = {98},
 year = {1993}
}

@article{Becke-Becke.JCP.1996,
 author = {BECKE, AXEL D.},
 doi = {10.1063/1.470829},
 issn = {0021-9606, 1089-7690},
 journal = {J. Chem. Phys.},
 langid = {english},
 month = {January},
 number = {3},
 pages = {1040--1046},
 title = {Density-Functional Thermochemistry. {{IV}}. {{A}} New Dynamical Correlation Functional and Implications for Exact-Exchange Mixing},
 volume = {104},
 year = {1996}
}

@article{Becke-Becke.PRA.1988,
 author = {BECKE, A. D.},
 doi = {10.1103/PhysRevA.38.3098},
 issn = {0556-2791},
 journal = {Phys. Rev. A},
 language = {en},
 month = {September},
 number = {6},
 pages = {3098--3100},
 title = {Density-functional exchange-energy approximation with correct asymptotic behavior},
 volume = {38},
 year = {1988}
}

@article{Beizaei-Sauer.JPCA.2021,
 author = {BEIZAEI, NAZANIN and SAUER, STEPHAN P. A.},
 doi = {10.1021/acs.jpca.1c01931},
 issn = {1089-5639, 1520-5215},
 journal = {J. Phys. Chem. A},
 language = {en},
 month = {May},
 number = {17},
 pages = {3785--3792},
 title = {Benchmarking {Correlated} {Methods} for {Static} and {Dynamic} {Polarizabilities}: {The} {T145} {Data} {Set} {Evaluated} with {RPA}, {RPA}({D}), {HRPA}, {HRPA}({D}), {SOPPA}, {SOPPA}({CC2}), {SOPPA}({CCSD}), {CC2}, and {CCSD}},
 volume = {125},
 year = {2021}
}

@article{Bennett-Mitas.JCP.2017,
 author = {BENNETT, M. CHANDLER and MELTON, CODY A. and ANNABERDIYEV, ABDULGANI and WANG, GUANGMING and SHULENBURGER, LUKE and MITAS, LUBOS},
 doi = {10.1063/1.4995643},
 issn = {0021-9606, 1089-7690},
 journal = {J. Chem. Phys.},
 language = {en},
 month = {December},
 number = {22},
 pages = {224106},
 title = {A new generation of effective core potentials for correlated calculations},
 volume = {147},
 year = {2017}
}

@article{Biczysko-Barone.JCTC.2010,
 author = {BICZYSKO, MALGORZATA and PANEK, PAWEL and SCALMANI, GIOVANNI and BLOINO, JULIEN and BARONE, VINCENZO},
 doi = {10.1021/ct100212p},
 issn = {1549-9618, 1549-9626},
 journal = {J. Chem. Theory Comput.},
 language = {en},
 month = {July},
 number = {7},
 pages = {2115--2125},
 title = {Harmonic and {Anharmonic} {Vibrational} {Frequency} {Calculations} with the {Double}-{Hybrid} {B2PLYP} {Method}: {Analytic} {Second} {Derivatives} and {Benchmark} {Studies}},
 volume = {6},
 year = {2010}
}

@article{Blair-Thakkar.CPL.2014,
 author = {BLAIR, SHAMUS A. and THAKKAR, AJIT J.},
 doi = {10.1016/j.cplett.2014.07.027},
 issn = {00092614},
 journal = {Chem. Phys. Lett.},
 language = {en},
 month = {August},
 pages = {163--166},
 title = {Additive models for the molecular polarizability and volume},
 volume = {610-611},
 year = {2014}
}

@article{Blair-Thakkar.CTC.2014,
 author = {BLAIR, SHAMUS A. and THAKKAR, AJIT J.},
 doi = {10.1016/j.comptc.2014.05.010},
 issn = {2210271X},
 journal = {Comput. Theor. Chem.},
 language = {en},
 month = {September},
 pages = {13--16},
 title = {{TABS}: {A} database of molecular structures},
 volume = {1043},
 year = {2014}
}

@article{Bloch-Bloch.ZP.1929,
 author = {BLOCH, F.},
 doi = {10.1007/BF01340281},
 issn = {1434-6001, 1434-601X},
 journal = {Z. Physik},
 language = {de},
 month = {July},
 number = {7-8},
 pages = {545--555},
 title = {Bemerkung zur {Elektronentheorie} des {Ferromagnetsmus} und der elektrischen {Leitfähigkeit}},
 volume = {57},
 year = {1929}
}

@article{Boese-Handy.JCP.2001,
 author = {BOESE, A. DANIEL and HANDY, NICHOLAS C.},
 doi = {10.1063/1.1347371},
 issn = {0021-9606, 1089-7690},
 journal = {J. Chem. Phys.},
 langid = {english},
 month = {April},
 number = {13},
 pages = {5497--5503},
 title = {A New Parametrization of Exchange-Correlation Generalized Gradient Approximation Functionals},
 volume = {114},
 year = {2001}
}

@article{Boese-Handy.JCP.2002,
 author = {BOESE, A. DANIEL and HANDY, NICHOLAS C.},
 doi = {10.1063/1.1476309},
 issn = {0021-9606, 1089-7690},
 journal = {J. Chem. Phys.},
 langid = {english},
 month = {June},
 number = {22},
 pages = {9559--9569},
 title = {New Exchange-Correlation Density Functionals: {{The}} Role of the Kinetic-Energy Density},
 volume = {116},
 year = {2002}
}

@article{Boese-Martin.JCP.2004,
 author = {BOESE, A. DANIEL and MARTIN, JAN M. L.},
 doi = {10.1063/1.1774975},
 issn = {0021-9606, 1089-7690},
 journal = {J. Chem. Phys.},
 langid = {english},
 month = {August},
 number = {8},
 pages = {3405--3416},
 title = {Development of Density Functionals for Thermochemical Kinetics},
 volume = {121},
 year = {2004}
}

@article{Bokareva-Godunov.IJQC.2008,
 author = {BOKAREVA, OLGA S. and BATAEV, VADIM A. and PUPYSHEV, VLADIMIR I. and GODUNOV, IGOR A.},
 doi = {10.1002/qua.21803},
 issn = {00207608, 1097461X},
 journal = {Int. J. Quantum Chem.},
 language = {en},
 number = {14},
 pages = {2719--2731},
 title = {Structure and dynamics of acrolein in lowest excited ${}^{1,3}(n, \pi^*)$ electronic states: {The} quantum-chemical study},
 volume = {108},
 year = {2008}
}

@article{Born-Oppenheimer.AP.1927,
 author = {BORN, M. and OPPENHEIMER, R.},
 doi = {10.1002/andp.19273892002},
 issn = {0003-3804},
 journal = {Ann. Phys.},
 month = {January},
 number = {20},
 pages = {457--484},
 title = {Zur {Quantentheorie} der {Molekeln}},
 volume = {389},
 year = {1927}
}

@article{Bowman-Yu.JCP.2022,
 author = {BOWMAN, JOEL M. and QU, CHEN and CONTE, RICCARDO and NANDI, APURBA and HOUSTON, PAUL L. and YU, QI},
 doi = {10.1063/5.0089200},
 issn = {0021-9606},
 journal = {J. Chem. Phys.},
 month = {June},
 number = {24},
 pages = {240901},
 title = {The {MD17} datasets from the perspective of datasets for gas-phase ``small'' molecule potentials},
 volume = {156},
 year = {2022}
}

@article{Bozkaya-Sherrill.JCP.2011,
 author = {BOZKAYA, UĞUR and TURNEY, JUSTIN M. and YAMAGUCHI, YUKIO and SCHAEFER, HENRY F. and SHERRILL, C. DAVID},
 doi = {10.1063/1.3631129},
 issn = {0021-9606, 1089-7690},
 journal = {J. Chem. Phys.},
 language = {en},
 month = {September},
 number = {10},
 pages = {104103},
 title = {Quadratically convergent algorithm for orbital optimization in the orbital-optimized coupled-cluster doubles method and in orbital-optimized second-order {Møller}-{Plesset} perturbation theory},
 volume = {135},
 year = {2011}
}

@article{Brakestad-Frediani.JCTC.2020,
 author = {BRAKESTAD, ANDERS and JENSEN, STIG RUNE and WIND, PETER and D’ALESSANDRO, MARCO and GENOVESE, LUIGI and HOPMANN, KATHRIN HELEN and FREDIANI, LUCA},
 doi = {10.1021/acs.jctc.0c00128},
 issn = {1549-9618, 1549-9626},
 journal = {J. Chem. Theory Comput.},
 language = {en},
 month = {August},
 number = {8},
 pages = {4874--4882},
 title = {Static {Polarizabilities} at the {Basis} {Set} {Limit}: {A} {Benchmark} of 124 {Species}},
 volume = {16},
 year = {2020}
}

@Preprint{Brandstetter-Welling.arXiv.2022,
  archiveprefix = {arXiv},
  author        = {BRANDSTETTER, JOHANNES and HESSELINK, ROB and VAN DER POL, ELISE and BEKKERS, ERIK J. and WELLING, MAX},
  eprint        = {2110.02905},

  month         = {March},
  note          = {arXiv:2110.02905 [cs, stat]},
  publisher     = {arXiv},
  title         = {Geometric and {Physical} {Quantities} {Improve} {E}(3) {Equivariant} {Message} {Passing}},
  year          = {2022},
}

@article{Bremond-Adamo.JCP.2011,
 author = {BR{\'E}MOND, ERIC and ADAMO, CARLO},
 doi = {10.1063/1.3604569},
 issn = {0021-9606, 1089-7690},
 journal = {J. Chem. Phys.},
 langid = {english},
 month = {July},
 number = {2},
 pages = {024106},
 title = {Seeking for Parameter-Free Double-Hybrid Functionals: {{The PBE0-DH}} Model},
 volume = {135},
 year = {2011}
}

@article{Bremond-Adamo.JCP.2014,
 author = {BR{\'E}MOND, {\'E}RIC and {SANCHO-GARC{\'I}A}, JUAN CARLOS and {P{\'E}REZ-JIM{\'E}NEZ}, {\'A}NGEL JOS{\'E} and ADAMO, CARLO},
 doi = {10.1063/1.4890314},
 issn = {0021-9606, 1089-7690},
 journal = {J. Chem. Phys.},
 langid = {english},
 month = {July},
 number = {3},
 pages = {031101},
 title = {Communication: {{Double-hybrid}} Functionals from Adiabatic-Connection: {{The QIDH}} Model},
 volume = {141},
 year = {2014}
}

@article{Bremond-Adamo.JCP.2019,
 author = {BR{\'E}MOND, {\'E}RIC and {P{\'E}REZ-JIM{\'E}NEZ}, {\'A}NGEL JOS{\'E} and {SANCHO-GARC{\'I}A}, JUAN CARLOS and ADAMO, CARLO},
 doi = {10.1063/1.5097164},
 issn = {0021-9606, 1089-7690},
 journal = {J. Chem. Phys.},
 langid = {english},
 month = {May},
 number = {20},
 pages = {201102},
 title = {Range-Separated Hybrid Density Functionals Made Simple},
 volume = {150},
 year = {2019}
}

@article{Bremond-Adamo.JCP.2022,
 author = {BRÉMOND, {\'E}RIC and LI, HANWEI and PÉREZ-JIMÉNEZ, {\'A}NGEL JOSÉ and SANCHO-GARCÍA, JUAN CARLOS and ADAMO, CARLO},
 doi = {10.1063/5.0087586},
 issn = {0021-9606, 1089-7690},
 journal = {J. Chem. Phys.},
 language = {en},
 month = {April},
 number = {16},
 pages = {161101},
 title = {Tackling an accurate description of molecular reactivity with double-hybrid density functionals},
 volume = {156},
 year = {2022}
}

@article{Bremond-Adamo.JCTC.2018,
 author = {BR{\'E}MOND, {\'E}RIC and SAVARESE, MARIKA and {P{\'E}REZ-JIM{\'E}NEZ}, {\'A}NGEL JOS{\'E} and {SANCHO-GARC{\'I}A}, JUAN CARLOS and ADAMO, CARLO},
 doi = {10.1021/acs.jctc.8b00261},
 issn = {1549-9618, 1549-9626},
 journal = {J. Chem. Theory Comput.},
 langid = {english},
 month = {August},
 number = {8},
 pages = {4052--4062},
 title = {Range-{{Separated Double-Hybrid Functional}} from {{Nonempirical Constraints}}},
 volume = {14},
 year = {2018}
}

@article{Brueckner-Brueckner.PR.1955,
 author = {BRUECKNER, K. A.},
 doi = {10.1103/PhysRev.100.36},
 issn = {0031-899X},
 journal = {Phys. Rev.},
 language = {en},
 month = {October},
 number = {1},
 pages = {36--45},
 title = {Many-{Body} {Problem} for {Strongly} {Interacting} {Particles}. {II}. {Linked} {Cluster} {Expansion}},
 volume = {100},
 year = {1955}
}

@article{Burow-Eshuis.JCTC.2014,
 author = {BUROW, ASBJÖRN M. and BATES, JEFFERSON E. and FURCHE, FILIPP and ESHUIS, HENK},
 doi = {10.1021/ct4008553},
 issn = {1549-9618, 1549-9626},
 journal = {J. Chem. Theory Comput.},
 language = {en},
 month = {January},
 number = {1},
 pages = {180--194},
 title = {Analytical {First}-{Order} {Molecular} {Properties} and {Forces} within the {Adiabatic} {Connection} {Random} {Phase} {Approximation}},
 volume = {10},
 year = {2014}
}

@article{Bursch-Grimme.JCP.2022,
 author = {BURSCH, MARKUS and NEUGEBAUER, HAGEN and EHLERT, SEBASTIAN and GRIMME, STEFAN},
 doi = {10.1063/5.0086040},
 issn = {0021-9606, 1089-7690},
 journal = {J. Chem. Phys.},
 langid = {english},
 month = {April},
 number = {13},
 pages = {134105},
 title = {Dispersion Corrected {{r\textsuperscript{2}SCAN}} Based Global Hybrid Functionals: {{r\textsuperscript{2}SCANh}}, {{r\textsuperscript{2}SCAN0}}, and {{r\textsuperscript{2}SCAN50}}},
 volume = {156},
 year = {2022}
}

@article{Bykov-Neese.MP.2015,
 author = {BYKOV, DMYTRO and PETRENKO, TARAS and IZSÁK, RÓBERT and KOSSMANN, SIMONE and BECKER, UTE and VALEEV, EDWARD and NEESE, FRANK},
 doi = {10.1080/00268976.2015.1025114},
 issn = {0026-8976, 1362-3028},
 journal = {Molecular Physics},
 language = {en},
 month = {July},
 number = {13-14},
 pages = {1961--1977},
 title = {Efficient implementation of the analytic second derivatives of {Hartree}-{Fock} and hybrid {DFT} energies: a detailed analysis of different approximations},
 volume = {113},
 year = {2015}
}

@article{Byrd-Zhu.SJSC.1995,
 author = {BYRD, RICHARD H. and LU, PEIHUANG and NOCEDAL, JORGE and ZHU, CIYOU},
 doi = {10.1137/0916069},
 issn = {1064-8275, 1095-7197},
 journal = {SIAM J. Sci. Comput.},
 language = {en},
 month = {September},
 number = {5},
 pages = {1190--1208},
 title = {A {Limited} {Memory} {Algorithm} for {Bound} {Constrained} {Optimization}},
 volume = {16},
 year = {1995}
}

@article{Caldeweyher-Grimme.JCP.2019,
 author = {CALDEWEYHER, EIKE and EHLERT, SEBASTIAN and HANSEN, ANDREAS and NEUGEBAUER, HAGEN and SPICHER, SEBASTIAN and BANNWARTH, CHRISTOPH and GRIMME, STEFAN},
 doi = {10.1063/1.5090222},
 issn = {0021-9606, 1089-7690},
 journal = {J. Chem. Phys.},
 language = {en},
 month = {April},
 number = {15},
 pages = {154122},
 title = {A generally applicable atomic-charge dependent {London} dispersion correction},
 volume = {150},
 year = {2019}
}

@article{Cammi-Frisch.TCA.2004,
 author = {CAMMI, ROBERTO and MENNUCCI, BENEDETTA and POMELLI, CHRISTIAN and CAPPELLI, CHIARA and CORNI, STEFANO and FREDIANI, LUCA and TRUCKS, GARY W. and FRISCH, MICHAEL J.},
 doi = {10.1007/s00214-003-0521-8},
 issn = {1432-881X, 1432-2234},
 journal = {Theor. Chem. Acc.},
 language = {en},
 month = {March},
 number = {2-6},
 pages = {66--77},
 title = {Second-order {Møller}-{Plesset} second derivatives for the polarizable continuum model: theoretical bases and application to solvent effects in electrophilic bromination of ethylene},
 volume = {111},
 year = {2004}
}

@article{Cao-Dolg.JCP.2001,
 author = {CAO, XIAOYAN and DOLG, MICHAEL},
 doi = {10.1063/1.1406535},
 issn = {0021-9606, 1089-7690},
 journal = {J. Chem. Phys.},
 language = {en},
 month = {October},
 number = {16},
 pages = {7348--7355},
 title = {Valence basis sets for relativistic energy-consistent small-core lanthanide pseudopotentials},
 volume = {115},
 year = {2001}
}

@article{Carrascal-Burke.JPCM.2015,
 author = {CARRASCAL, D J and FERRER, J and SMITH, J C and BURKE, K},
 doi = {10.1088/0953-8984/27/39/393001},
 issn = {0953-8984, 1361-648X},
 journal = {J. Phys.: Condens. Matter},
 month = {October},
 number = {39},
 pages = {393001},
 title = {The {Hubbard} dimer: a density functional case study of a many-body problem},
 volume = {27},
 year = {2015}
}

@article{Casanova-Paez-Goerigk.JCTC.2019,
 author = {{CASANOVA-P{\'A}EZ}, MARCOS and DARDIS, MICHAEL B. and GOERIGK, LARS},
 doi = {10.1021/acs.jctc.9b00013},
 issn = {1549-9618, 1549-9626},
 journal = {J. Chem. Theory Comput.},
 langid = {english},
 month = {September},
 number = {9},
 pages = {4735--4744},
 title = {{{ωB2PLYP}} and {{ωB2GPPLYP}}: {{The First Two Double-Hybrid Density Functionals}} with {{Long-Range Correction Optimized}} for {{Excitation Energies}}},
 volume = {15},
 year = {2019}
}

@article{Casanova-Paez-Goerigk.JCTC.2021,
 author = {{CASANOVA-P{\'A}EZ}, MARCOS and GOERIGK, LARS},
 doi = {10.1021/acs.jctc.1c00535},
 issn = {1549-9618, 1549-9626},
 journal = {J. Chem. Theory Comput.},
 langid = {english},
 month = {August},
 number = {8},
 pages = {5165--5186},
 title = {Time-{{Dependent Long-Range-Corrected Double-Hybrid Density Functionals}} with {{Spin-Component}} and {{Spin-Opposite Scaling}}: {{A Comprehensive Analysis}} of {{Singlet}}-{{Singlet}} and {{Singlet}}-{{Triplet Excitation Energies}}},
 volume = {17},
 year = {2021}
}

@article{Chai-Head-Gordon.JCP.2008,
 author = {CHAI, JENG-DA and {HEAD-GORDON}, MARTIN},
 doi = {10.1063/1.2834918},
 issn = {0021-9606, 1089-7690},
 journal = {J. Chem. Phys.},
 langid = {english},
 month = {February},
 number = {8},
 pages = {084106},
 title = {Systematic Optimization of Long-Range Corrected Hybrid Density Functionals},
 volume = {128},
 year = {2008}
}

@article{Chai-Head-Gordon.JCP.2009,
 author = {CHAI, JENG-DA and HEAD-GORDON, MARTIN},
 doi = {10.1063/1.3244209},
 issn = {0021-9606, 1089-7690},
 journal = {J. Chem. Phys.},

 language = {en},
 month = {November},
 number = {17},
 pages = {174105},
 title = {Long-range corrected double-hybrid density functionals},
 volume = {131},
 year = {2009}
}

@article{Chen-Weinan.JCTC.2021,
 author = {CHEN, YIXIAO and ZHANG, LINFENG and WANG, HAN and E, WEINAN},
 doi = {10.1021/acs.jctc.0c00872},
 issn = {1549-9618},
 journal = {J. Chem. Theory Comput.},
 month = {January},
 number = {1},
 pages = {170--181},
 title = {{DeePKS}: {A} {Comprehensive} {Data}-{Driven} {Approach} toward {Chemically} {Accurate} {Density} {Functional} {Theory}},
 volume = {17},
 year = {2021}
}

@article{Chen-Xu.JCTC.2020,
 author = {CHEN, BOZHU and XU, XIN},
 doi = {10.1021/acs.jctc.0c00232},
 issn = {1549-9618, 1549-9626},
 journal = {J. Chem. Theory Comput.},
 language = {en},
 month = {July},
 number = {7},
 pages = {4271--4285},
 title = {{XO}-{PBC}: {An} {Accurate} and {Efficient} {Method} for {Molecular} {Crystals}},
 volume = {16},
 year = {2020}
}

@article{Chen-Xu.NC.2023,
 author = {CHEN, ZHENG and LIU, ZHANGYUN and XU, XIN},
 doi = {10.1038/s41467-023-36695-7},
 issn = {2041-1723},
 journal = {Nat. Commun.},
 language = {en},
 month = {February},
 number = {1},
 pages = {936},
 title = {Accurate descriptions of molecule-surface interactions in electrocatalytic {CO\textsubscript{2}} reduction on the copper surfaces},
 volume = {14},
 year = {2023}
}

@article{Christiansen-Joergensen.CPL.1995,
 author = {CHRISTIANSEN, OVE and KOCH, HENRIK and JØRGENSEN, POUL},
 doi = {10.1016/0009-2614(95)00841-Q},
 issn = {00092614},
 journal = {Chem. Phys. Lett.},
 language = {en},
 month = {September},
 number = {5-6},
 pages = {409--418},
 title = {The second-order approximate coupled cluster singles and doubles model {CC2}},
 volume = {243},
 year = {1995}
}

@article{Cizek-Cizek.JCP.1966,
 author = {ČÍŽEK, JIŘÍ},
 doi = {10.1063/1.1727484},
 issn = {0021-9606, 1089-7690},
 journal = {J. Chem. Phys.},
 language = {en},
 month = {December},
 number = {11},
 pages = {4256--4266},
 title = {On the {Correlation} {Problem} in {Atomic} and {Molecular} {Systems}. {Calculation} of {Wavefunction} {Components} in {Ursell}‐{Type} {Expansion} {Using} {Quantum}‐{Field} {Theoretical} {Methods}},
 volume = {45},
 year = {1966}
}

@incollection{Cizek-Cizek.Wiley.1969,
 author = {ČÍŽEK, JIŘÍ},
 booktitle = {Advances in {Chemical} {Physics}},
 doi = {10.1002/9780470143599.ch2},
 editor = {LeFebvre, R. and Moser, C.},
 isbn = {978-0-470-14359-9 978-0-471-52143-3},
 month = {January},
 pages = {35--89},
 publisher = {John Wiley \& Sons, Inc.},
 title = {On the {Use} of the {Cluster} {Expansion} and the {Technique} of {Diagrams} in {Calculations} of {Correlation} {Effects} in {Atoms} and {Molecules}},
 volume = {14},
 year = {1969}
}

@article{Cizek-Paldus.IJQC.1971,
 author = {ČÍŽEK, J. and PALDUS, J.},
 doi = {10.1002/qua.560050402},
 issn = {0020-7608},
 journal = {Int. J. Quantum Chem.},
 month = {July},
 number = {4},
 pages = {359--379},
 title = {Correlation problems in atomic and molecular systems {III}. {Rederivation} of the coupled-pair many-electron theory using the traditional quantum chemical methods},
 volume = {5},
 year = {1971}
}

@article{Coester-Coester.NPB.1958,
 author = {COESTER, F.},
 doi = {10.1016/0029-5582(58)90280-3},
 issn = {0029-5582},
 journal = {Nuclear Phys. B},
 month = {June},
 pages = {421--424},
 title = {Bound states of a many-particle system},
 volume = {7},
 year = {1958}
}

@article{Coester-Kuemmel.NPB.1960,
 author = {COESTER, F. and KÜMMEL, H.},
 doi = {10.1016/0029-5582(60)90140-1},
 issn = {0029-5582},
 journal = {Nuclear Phys. B},
 month = {June},
 pages = {477--485},
 title = {Short-range correlations in nuclear wave functions},
 volume = {17},
 year = {1960}
}

@article{Cohen-Handy.MP.2001,
 author = {COHEN, ARON J. and HANDY, NICHOLAS C.},
 doi = {10.1080/00268970010023435},
 issn = {0026-8976, 1362-3028},
 journal = {Mol. Phys.},
 langid = {english},
 month = {April},
 number = {7},
 pages = {607--615},
 title = {Dynamic Correlation},
 volume = {99},
 year = {2001}
}

@book{Cohen-Tannoudji-Laloe.Wiley.2020,
 address = {Weinheim},
 author = {COHEN-TANNOUDJI, CLAUDE and DIU, BERNARD and LALOË, FRANCK},
 edition = {2\textsuperscript{nd}},
 isbn = {978-3-527-34554-0},
 language = {eng},
 publisher = {Wiley-VCH Verlag GmbH \& Co. KGaA},
 title = {Quantum mechanics. {Volume} 2: {Angular} momentum, spin, and approximation methods},
 translator = {Reid Hemley, Susan and Ostrowsky, Nicole and Ostrowsky, Dan},
 year = {2020}
}

@Preprint{Cohen-Welling.arXiv.2016,
  archiveprefix = {arXiv},
  author        = {COHEN, TACO S. and WELLING, MAX},
  eprint        = {1602.07576},

  month         = {June},
  note          = {arXiv:1602.07576 [cs, stat]},
  publisher     = {arXiv},
  title         = {Group {Equivariant} {Convolutional} {Networks}},
  urldate       = {2023-12-18},
  year          = {2016},
}

@article{Cohen-Yang.CR.2012,
 author = {COHEN, ARON J. and MORI-SÁNCHEZ, PAULA and YANG, WEITAO},
 doi = {10.1021/cr200107z},
 issn = {0009-2665, 1520-6890},
 journal = {Chem. Rev.},
 language = {en},
 month = {January},
 number = {1},
 pages = {289--320},
 title = {Challenges for {Density} {Functional} {Theory}},
 volume = {112},
 year = {2012}
}

@article{Coleman-Coleman.RMP.1963,
 author = {COLEMAN, A. J.},
 doi = {10.1103/RevModPhys.35.668},
 issn = {0034-6861},
 journal = {Rev. Mod. Phys.},
 language = {en},
 month = {July},
 number = {3},
 pages = {668--686},
 title = {Structure of {Fermion} {Density} {Matrices}},
 volume = {35},
 year = {1963}
}

@incollection{Crawford-Schaefer.RCC.2007,
 author = {CRAWFORD, T. DANIEL and SCHAEFER, HENRY F.},
 booktitle = {Reviews in {Computational} {Chemistry}},
 doi = {10.1002/9780470125915.ch2},
 editor = {Lipkowitz, Kenny B. and Boyd, Donald B.},
 isbn = {978-0-470-12591-5 978-0-471-35495-6},
 month = {January},
 pages = {33--136},
 publisher = {John Wiley \& Sons, Inc.},
 title = {An {Introduction} to {Coupled} {Cluster} {Theory} for {Computational} {Chemists}},
 volume = {14},
 year = {2007}
}

@article{Crisostomo-Burke.LMP.2023,
 author = {CRISOSTOMO, STEVEN and PEDERSON, RYAN and KOZLOWSKI, JOHN and KALITA, BHUPALEE and CANCIO, ANTONIO C. and DATCHEV, KIRIL and WASSERMAN, ADAM and SONG, SUHWAN and BURKE, KIERON},
 doi = {10.1007/s11005-023-01665-z},
 issn = {1573-0530},
 journal = {Lett. Math. Phys.},
 language = {en},
 month = {April},
 number = {2},
 pages = {42},
 title = {Seven useful questions in density functional theory},
 volume = {113},
 year = {2023}
}

@article{Csaszar-Schaefer.JCP.1998,
 author = {CSÁSZÁR, ATTILA G. and ALLEN, WESLEY D. and SCHAEFER, HENRY F.},
 doi = {10.1063/1.476449},
 issn = {0021-9606, 1089-7690},
 journal = {J. Chem. Phys.},
 language = {en},
 month = {June},
 number = {23},
 pages = {9751--9764},
 title = {In pursuit of the \textit{ab initio} limit for conformational energy prototypes},
 volume = {108},
 year = {1998}
}

@article{Curtiss-Pople.JCP.1990,
 author = {CURTISS, LARRY A. and JONES, CHRISTOPHER and TRUCKS, GARY W. and RAGHAVACHARI, KRISHNAN and POPLE, JOHN A.},
 doi = {10.1063/1.458892},
 issn = {0021-9606, 1089-7690},
 journal = {J. Chem. Phys.},
 language = {en},
 month = {August},
 number = {4},
 pages = {2537--2545},
 title = {Gaussian‐1 theory of molecular energies for second‐row compounds},
 volume = {93},
 year = {1990}
}

@article{Curtiss-Pople.JCP.1991,
 author = {CURTISS, LARRY A. and RAGHAVACHARI, KRISHNAN and TRUCKS, GARY W. and POPLE, JOHN A.},
 doi = {10.1063/1.460205},
 issn = {0021-9606, 1089-7690},
 journal = {J. Chem. Phys.},
 language = {en},
 month = {June},
 number = {11},
 pages = {7221--7230},
 title = {Gaussian‐2 theory for molecular energies of first‐ and second‐row compounds},
 volume = {94},
 year = {1991}
}

@article{Curtiss-Pople.JCP.1998,
 author = {CURTISS, LARRY A. and RAGHAVACHARI, KRISHNAN and REDFERN, PAUL C. and RASSOLOV, VITALY and POPLE, JOHN A.},
 doi = {10.1063/1.477422},
 issn = {0021-9606, 1089-7690},
 journal = {J. Chem. Phys.},
 language = {en},
 month = {November},
 number = {18},
 pages = {7764--7776},
 title = {Gaussian-3 ({G3}) theory for molecules containing first and second-row atoms},
 volume = {109},
 year = {1998}
}

@article{Curtiss-Pople.JCP.2000,
 author = {CURTISS, LARRY A. and RAGHAVACHARI, KRISHNAN and REDFERN, PAUL C. and POPLE, JOHN A.},
 doi = {10.1063/1.481336},
 issn = {0021-9606, 1089-7690},
 journal = {J. Chem. Phys.},
 language = {en},
 month = {May},
 number = {17},
 pages = {7374--7383},
 title = {Assessment of {Gaussian}-3 and density functional theories for a larger experimental test set},
 volume = {112},
 year = {2000}
}

@article{Curtiss-Raghavachari.JCP.2007,
 author = {CURTISS, LARRY A. and REDFERN, PAUL C. and RAGHAVACHARI, KRISHNAN},
 doi = {10.1063/1.2436888},
 issn = {0021-9606, 1089-7690},
 journal = {J. Chem. Phys.},
 language = {en},
 month = {February},
 number = {8},
 pages = {084108},
 title = {Gaussian-4 theory},
 volume = {126},
 year = {2007}
}

@Preprint{Daas-Vuckovic.arXiv.2023,
  archiveprefix = {arXiv},
  author        = {DAAS, KIMBERLY J. and KOOI, DERK P. and PETERS, NINA C. and FABIANO, EDUARDO and DELLA SALA, FABIO and GORI-GIORGI, PAOLA and VUCKOVIC, STEFAN},
  eprint        = {2307.02715},

  month         = {July},
  note          = {arXiv:2307.02715 [physics]},
  publisher     = {arXiv},
  title         = {Regularized and {Opposite} spin-scaled functionals from {M{\o}ller}-{Plesset} adiabatic connection -- higher accuracy at lower cost},
  year          = {2023},
}

@article{Daas-Vuckovic.JPCL.2021,
 author = {DAAS, TIMOTHY J. and FABIANO, EDUARDO and DELLA SALA, FABIO and GORI-GIORGI, PAOLA and VUCKOVIC, STEFAN},
 doi = {10.1021/acs.jpclett.1c01157},
 issn = {1948-7185, 1948-7185},
 journal = {J. Phys. Chem. Lett.},

 language = {en},
 month = {May},
 number = {20},
 pages = {4867--4875},
 title = {Noncovalent {Interactions} from {Models} for the {Møller}-{Plesset} {Adiabatic} {Connection}},
 volume = {12},
 year = {2021}
}

@article{Dahlke-Truhlar.JPCB.2005,
 author = {DAHLKE, ERIN E. and TRUHLAR, DONALD G.},
 doi = {10.1021/jp052436c},
 issn = {1520-6106, 1520-5207},
 journal = {J. Phys. Chem. B},
 langid = {english},
 month = {August},
 number = {33},
 pages = {15677--15683},
 title = {Improved {{Density Functionals}} for {{Water}}},
 volume = {109},
 year = {2005}
}

@article{DellaSala-Goerling.JCP.2001,
 author = {DELLA SALA, FABIO and GÖRLING, ANDREAS},
 doi = {10.1063/1.1398093},
 issn = {0021-9606, 1089-7690},
 journal = {J. Chem. Phys.},
 language = {en},
 month = {October},
 number = {13},
 pages = {5718--5732},
 title = {Efficient localized {Hartree}-{Fock} methods as effective exact-exchange {Kohn}-{Sham} methods for molecules},
 volume = {115},
 year = {2001}
}

@misc{dh-0.1.ajz34,
 author = {AJZ34},
 title = {A trial to implement doubly-hybrid interface to PySCF (old version)},
 url = {https://github.com/ajz34/dh},
 year = {2021}
}

@misc{dh.ajz34,
 author = {AJZ34},
 title = {A trial to implement doubly-hybrid interface to PySCF},
 url = {https://github.com/ajz34/pyscf-forge/tree/pre-0.2},
 year = {2023}
}

@article{Dirac-Dirac.MPCPS.1930,
 author = {DIRAC, P. A. M.},
 doi = {10.1017/S0305004100016108},
 issn = {0305-0041, 1469-8064},
 journal = {Math. Proc. Cambridge Philos. Soc.},
 language = {en},
 month = {July},
 number = {3},
 pages = {376--385},
 title = {Note on {Exchange} {Phenomena} in the {Thomas} {Atom}},
 volume = {26},
 year = {1930}
}

@article{Distasio-Head-Gordon.JCC.2007,
 author = {DISTASIO, ROBERT A. and STEELE, RYAN P. and RHEE, YOUNG MIN and SHAO, YIHAN and HEAD-GORDON, MARTIN},
 doi = {10.1002/jcc.20604},
 issn = {01928651, 1096987X},
 journal = {J. Comput. Chem.},
 language = {en},
 month = {April},
 number = {5},
 pages = {839--856},
 title = {An improved algorithm for analytical gradient evaluation in resolution-of-the-identity second-order {Møller}-{Plesset} perturbation theory: {Application} to alanine tetrapeptide conformational analysis},
 volume = {28},
 year = {2007}
}

@article{Dolg-Preuss.JCP.1989,
 author = {DOLG, M. and STOLL, H. and PREUSS, H.},
 doi = {10.1063/1.456066},
 issn = {0021-9606, 1089-7690},
 journal = {J. Chem. Phys.},
 language = {en},
 month = {February},
 number = {3},
 pages = {1730--1734},
 title = {Energy-adjusted \textit{ab initio} pseudopotentials for the rare earth elements},
 volume = {90},
 year = {1989}
}

@article{Dolg-Preuss.TCA.1989,
 author = {DOLG, M. and STOLL, H. and SAVIN, A. and PREUSS, H.},
 doi = {10.1007/BF00528565},
 issn = {0040-5744, 1432-2234},
 journal = {Theor. Chim. Acta},
 language = {en},
 number = {3},
 pages = {173--194},
 title = {Energy-adjusted pseudopotentials for the rare earth elements},
 volume = {75},
 year = {1989}
}

@article{Dolg-Preuss.TCA.1993,
 author = {DOLG, M. and STOLL, H. and PREUSS, H.},
 doi = {10.1007/BF01112983},
 issn = {0040-5744, 1432-2234},
 journal = {Theor. Chim. Acta},
 language = {en},
 month = {June},
 number = {6},
 pages = {441--450},
 title = {A combination of quasirelativistic pseudopotential and ligand field calculations for lanthanoid compounds},
 volume = {85},
 year = {1993}
}

@article{Douglas-Kroll.APY.1974,
 author = {DOUGLAS, MARVIN and KROLL, NORMAN M},
 doi = {10.1016/0003-4916(74)90333-9},
 issn = {0003-4916},
 journal = {Ann. Phys-new. York.},
 month = {January},
 number = {1},
 pages = {89--155},
 title = {Quantum electrodynamical corrections to the fine structure of helium},
 volume = {82},
 year = {1974}
}

@article{Dunning-Dunning.JCP.1989,
 author = {DUNNING, THOM H.},
 doi = {10.1063/1.456153},
 issn = {0021-9606, 1089-7690},
 journal = {J. Chem. Phys.},
 language = {en},
 month = {January},
 number = {2},
 pages = {1007--1023},
 title = {Gaussian basis sets for use in correlated molecular calculations. {I}. {The} atoms boron through neon and hydrogen},
 volume = {90},
 year = {1989}
}

@article{Dykstra-Davidson.IJQC.2000,
 author = {DYKSTRA, CLIFFORD E. and DAVIDSON, ERNEST R.},
 doi = {10.1002/(SICI)1097-461X(2000)78:4<226::AID-QUA4>3.0.CO;2-N},
 issn = {1097-461X},
 journal = {Int. J. Quantum Chem.},

 number = {4},
 pages = {226--236},
 title = {Enhanced second-order treatment of electron pair correlation},
 volume = {78},
 year = {2000}
}

@article{Dykstra-Jasien.CPL.1984,
 author = {DYKSTRA, CLIFFORD E. and JASIEN, PAUL G.},
 doi = {10.1016/0009-2614(84)85607-9},
 issn = {00092614},
 journal = {Chem. Phys. Lett.},
 language = {en},
 month = {August},
 number = {4},
 pages = {388--393},
 title = {Derivative {Hartree}-{Fock} theory to all orders},
 volume = {109},
 year = {1984}
}

@article{East-Allen.JCP.1993,
 author = {EAST, ALLAN L. L. and ALLEN, WESLEY D.},
 doi = {10.1063/1.466062},
 issn = {0021-9606, 1089-7690},
 journal = {J. Chem. Phys.},

 language = {en},
 month = {September},
 number = {6},
 pages = {4638--4650},
 title = {The heat of formation of {NCO}},
 volume = {99},
 year = {1993}
}

@article{Einstein-Einstein.AP.1916,
 author = {EINSTEIN, A.},
 doi = {10.1002/andp.19163540702},
 issn = {00033804, 15213889},
 journal = {Ann. Phys.},
 language = {de},
 number = {7},
 pages = {769--822},
 title = {Die {Grundlage} der allgemeinen {Relativitätstheorie}},
 volume = {354},
 year = {1916}
}

@article{Ernzerhof-Perdew.JCP.1998,
 author = {ERNZERHOF, MATTHIAS and PERDEW, JOHN P.},
 doi = {10.1063/1.476928},
 issn = {0021-9606, 1089-7690},
 journal = {J. Chem. Phys.},
 langid = {english},
 month = {September},
 number = {9},
 pages = {3313--3320},
 title = {Generalized Gradient Approximation to the Angle- and System-Averaged Exchange Hole},
 volume = {109},
 year = {1998}
}

@article{Ernzerhof-Scuseria.JCP.1999,
 author = {ERNZERHOF, MATTHIAS and SCUSERIA, GUSTAVO E.},
 doi = {10.1063/1.478401},
 issn = {0021-9606, 1089-7690},
 journal = {J. Chem. Phys.},

 language = {en},
 month = {March},
 number = {11},
 pages = {5029--5036},
 title = {Assessment of the {Perdew}-{Burke}-{Ernzerhof} exchange-correlation functional},
 volume = {110},
 year = {1999}
}

@article{Faber-Lilienfeld.JCTC.2017,
 author = {FABER, FELIX A. and HUTCHISON, LUKE and HUANG, BING and GILMER, JUSTIN and SCHOENHOLZ, SAMUEL S. and DAHL, GEORGE E. and VINYALS, ORIOL and KEARNES, STEVEN and RILEY, PATRICK F. and VON LILIENFELD, O. ANATOLE},
 doi = {10.1021/acs.jctc.7b00577},
 issn = {1549-9618, 1549-9626},
 journal = {J. Chem. Theory Comput.},
 language = {en},
 month = {November},
 number = {11},
 pages = {5255--5264},
 title = {Prediction {Errors} of {Molecular} {Machine} {Learning} {Models} {Lower} than {Hybrid} {DFT} {Error}},
 volume = {13},
 year = {2017}
}

@book{Favre-Powell.RSC.2013,
 author = {FAVRE, HENRI A. and POWELL, WARREN H.},
 doi = {10.1039/9781849733069},
 isbn = {978-0-85404-182-4},
 language = {en},
 month = {December},
 publisher = {The Royal Society of Chemistry},
 title = {Nomenclature of {Organic} {Chemistry}},
 year = {2013}
}

@article{Feller-Feller.JCC.1996,
 author = {FELLER, DAVID},
 doi = {10.1002/(SICI)1096-987X(199610)17:13<1571::AID-JCC9>3.0.CO;2-P},
 issn = {0192-8651, 1096-987X},
 journal = {J. Comput. Chem.},
 language = {en},
 month = {October},
 number = {13},
 pages = {1571--1586},
 title = {The role of databases in support of computational chemistry calculations},
 volume = {17},
 year = {1996}
}

@article{Feyereisen-Komornicki.CPL.1993,
 author = {FEYEREISEN, MARTIN and FITZGERALD, GEORGE and KOMORNICKI, ANDREW},
 doi = {10.1016/0009-2614(93)87156-W},
 issn = {00092614},
 journal = {Chem. Phys. Lett.},
 language = {en},
 month = {June},
 number = {5-6},
 pages = {359--363},
 ranking = {rank1},
 title = {Use of approximate integrals in ab initio theory. {An} application in {MP2} energy calculations},
 volume = {208},
 year = {1993}
}

@article{Fock-Fock.ZfP.1930,
 author = {FOCK, V.},
 doi = {10.1007/BF01340294},
 issn = {1434-6001, 1434-601X},
 journal = {Z. für Phys.},
 language = {de},
 month = {January},
 number = {1-2},
 pages = {126--148},
 title = {Näherungsmethode zur {Lösung} des quantenmechanischen {Mehrkörperproblems}},
 volume = {61},
 year = {1930}
}

@article{Friesner-Friesner.CPL.1985,
 author = {FRIESNER, RICHARD A.},
 doi = {10.1016/0009-2614(85)80121-4},
 issn = {00092614},
 journal = {Chem. Phys. Lett.},
 language = {en},
 month = {April},
 number = {1},
 pages = {39--43},
 title = {Solution of self-consistent field electronic structure equations by a pseudospectral method},
 volume = {116},
 year = {1985}
}

@article{Friesner-Friesner.JCP.1987,
 author = {FRIESNER, RICHARD A.},
 doi = {10.1063/1.451955},
 issn = {0021-9606},
 journal = {J. Chem. Phys.},
 month = {March},
 number = {6},
 pages = {3522--3531},
 title = {Solution of the {Hartree}-{Fock} equations for polyatomic molecules by a pseudospectral method},
 volume = {86},
 year = {1987}
}

@article{Frisch-Pople.CP.1990,
 author = {FRISCH, MICHAEL and HEAD-GORDON, MARTIN and POPLE, JOHN},
 doi = {10.1016/0301-0104(90)87055-G},
 issn = {03010104},
 journal = {Chem. Phys.},
 language = {en},
 month = {March},
 number = {2-3},
 pages = {189--196},
 title = {Direct analytic {SCF} second derivatives and electric field properties},
 volume = {141},
 year = {1990}
}

@article{Frisch-Pople.CPL.1990,
 author = {FRISCH, MICHAEL J. and HEAD-GORDON, MARTIN and POPLE, JOHN A.},
 doi = {10.1016/0009-2614(90)80030-H},
 issn = {00092614},
 journal = {Chem. Phys. Lett.},
 language = {en},
 month = {February},
 number = {3},
 pages = {281--289},
 title = {Semi-direct algorithms for the {MP2} energy and gradient},
 volume = {166},
 year = {1990}
}

@article{Frisch-Pople.CPL.1990a,
 author = {FRISCH, MICHAEL J. and HEAD-GORDON, MARTIN and POPLE, JOHN A.},
 doi = {10.1016/0009-2614(90)80029-D},
 issn = {00092614},
 journal = {Chem. Phys. Lett.},
 language = {en},
 month = {February},
 number = {3},
 pages = {275--280},
 title = {A direct {MP2} gradient method},
 volume = {166},
 year = {1990}
}

@article{Frydel-Burke.JCP.2000,
 author = {FRYDEL, DEREK and TERILLA, WILLIAM M. and BURKE, KIERON},
 doi = {10.1063/1.481099},
 issn = {0021-9606, 1089-7690},
 journal = {J. Chem. Phys.},
 language = {en},
 month = {March},
 number = {12},
 pages = {5292--5297},
 title = {Adiabatic connection from accurate wave-function calculations},
 volume = {112},
 year = {2000}
}

@article{Fuchs-Burke.JCP.2005,
 author = {FUCHS, M. and NIQUET, Y.-M. and GONZE, X. and BURKE, K.},
 doi = {10.1063/1.1858371},
 issn = {0021-9606, 1089-7690},
 journal = {J. Chem. Phys.},
 language = {en},
 month = {March},
 number = {9},
 pages = {094116},
 title = {Describing static correlation in bond dissociation by {Kohn}-{Sham} density functional theory},
 volume = {122},
 year = {2005}
}

@article{Furness-Sun.JCP.2022,
 author = {FURNESS, JAMES W. and KAPLAN, AARON D. and NING, JINLIANG and PERDEW, JOHN P. and SUN, JIANWEI},
 doi = {10.1063/5.0073623},
 issn = {0021-9606, 1089-7690},
 journal = {J. Chem. Phys.},
 langid = {english},
 month = {January},
 number = {3},
 pages = {034109},
 title = {Construction of Meta-{{GGA}} Functionals through Restoration of Exact Constraint Adherence to Regularized {{SCAN}} Functionals},
 volume = {156},
 year = {2022}
}

@article{Furness-Sun.JPCL.2020,
 author = {FURNESS, JAMES W. and KAPLAN, AARON D. and NING, JINLIANG and PERDEW, JOHN P. and SUN, JIANWEI},
 doi = {10.1021/acs.jpclett.0c02405},
 issn = {1948-7185, 1948-7185},
 journal = {J. Phys. Chem. Lett.},
 langid = {english},
 month = {October},
 number = {19},
 pages = {8208--8215},
 title = {Accurate and {{Numerically Efficient}} r{\textsuperscript{2}}{{SCAN Meta-Generalized Gradient Approximation}}},
 volume = {11},
 year = {2020}
}

@article{Furness-Sun.JPCL.2020a,
 author = {FURNESS, JAMES W. and KAPLAN, AARON D. and NING, JINLIANG and PERDEW, JOHN P. and SUN, JIANWEI},
 doi = {10.1021/acs.jpclett.0c03077},
 issn = {1948-7185, 1948-7185},
 journal = {J. Phys. Chem. Lett.},
 langid = {english},
 month = {November},
 number = {21},
 pages = {9248--9248},
 title = {Correction to ``{{Accurate}} and {{Numerically Efficient}} r{\textsuperscript{2}}{{SCAN Meta-Generalized Gradient Approximation}}''},
 volume = {11},
 year = {2020}
}

@article{Gauss-Bartlett.JCP.1992,
 author = {GAUSS, JÜRGEN and STANTON, JOHN F. and BARTLETT, RODNEY J.},
 doi = {10.1063/1.463452},
 issn = {0021-9606, 1089-7690},
 journal = {J. Chem. Phys.},
 language = {en},
 month = {November},
 number = {10},
 pages = {7825--7828},
 title = {Analytic {ROHF}-{MBPT}(2) second derivatives},
 volume = {97},
 year = {1992}
}

@misc{Gaussian09,
 author = {M. J. FRISCH and G. W. TRUCKS and H. B. SCHLEGEL and G. E. SCUSERIA and M. A. ROBB and J. R. CHEESEMAN and G. SCALMANI and V. BARONE and G. A. PETERSSON and H. NAKATSUJI and X. LI and M. CARICATO and A. MARENICH and J. BLOINO and B. G. JANESKO and R. GOMPERTS and B. MENNUCCI and H. P. HRATCHIAN and J. V. ORTIZ and A. F. IZMAYLOV and J. L. SONNENBERG and D. WILLIAMS-YOUNG and F. DING and F. LIPPARINI and F. EGIDI and J. GOINGS and B. PENG and A. PETRONE and T. HENDERSON and D. RANASINGHE and V. G. ZAKRZEWSKI and J. GAO and N. REGA and G. ZHENG and W. LIANG and M. HADA and M. EHARA and K. TOYOTA and R. FUKUDA and J. HASEGAWA and M. ISHIDA and T. NAKAJIMA and Y. HONDA and O. KITAO and H. NAKAI and T. VREVEN and K. THROSSELL and J. A. MONTGOMERY and JR. and J. E. PERALTA and F. OGLIARO and M. BEARPARK and J. J. HEYD and E. BROTHERS and K. N. KUDIN and V. N. STAROVEROV and T. KEITH and R. KOBAYASHI and J. NORMAND and K. RAGHAVACHARI and A. RENDELL and J. C. BURANT and S. S. IYENGAR and J. TOMASI and M. COSSI and J. M. MILLAM and M. KLENE and C. ADAMO and R. CAMMI and J. W. OCHTERSKI and R. L. MARTIN and K. MOROKUMA and O. FARKAS and J. B. FORESMAN and D. J. FOX},
 howpublished = {Gaussian, Inc., Wallingford CT},
 title = {Gaussian 09},
 year = {2016}
}

@misc{Gaussian16,
 author = {M. J. FRISCH and G. W. TRUCKS and H. B. SCHLEGEL and G. E. SCUSERIA and M. A. ROBB and J. R. CHEESEMAN and G. SCALMANI and V. BARONE and G. A. PETERSSON and H. NAKATSUJI and X. LI and M. CARICATO and A. V. MARENICH and J. BLOINO and B. G. JANESKO and R. GOMPERTS and B. MENNUCCI and H. P. HRATCHIAN and J. V. ORTIZ and A. F. IZMAYLOV and J. L. SONNENBERG and D. WILLIAMS-YOUNG and F. DING and F. LIPPARINI and F. EGIDI and J. GOINGS and B. PENG and A. PETRONE and T. HENDERSON and D. RANASINGHE and V. G. ZAKRZEWSKI and J. GAO and N. REGA and G. ZHENG and W. LIANG and M. HADA and M. EHARA and K. TOYOTA and R. FUKUDA and J. HASEGAWA and M. ISHIDA and T. NAKAJIMA and Y. HONDA and O. KITAO and H. NAKAI and T. VREVEN and K. THROSSELL and J. A. MONTGOMERY and JR. and J. E. PERALTA and F. OGLIARO and M. J. BEARPARK and J. J. HEYD and E. N. BROTHERS and K. N. KUDIN and V. N. STAROVEROV and T. A. KEITH and R. KOBAYASHI and J. NORMAND and K. RAGHAVACHARI and A. P. RENDELL and J. C. BURANT and S. S. IYENGAR and J. TOMASI and M. COSSI and J. M. MILLAM and M. KLENE and C. ADAMO and R. CAMMI and J. W. OCHTERSKI and R. L. MARTIN and K. MOROKUMA and O. FARKAS and J. B. FORESMAN and D. J. FOX},
 howpublished = {Gaussian, Inc., Wallingford CT},
 title = {Gaussian 16},
 year = {2016}
}

@Preprint{Geiger-Smidt.arXiv.2022,
  archiveprefix = {arXiv},
  author        = {GEIGER, MARIO and SMIDT, TESS},
  eprint        = {2207.09453},

  month         = {July},
  note          = {arXiv:2207.09453 [cs]},
  publisher     = {arXiv},
  title         = {e3nn: {Euclidean} {Neural} {Networks}},
  year          = {2022},
}

@article{Gerratt-Mills.JCP.1968,
 author = {GERRATT, J. and MILLS, I. M.},
 doi = {10.1063/1.1670299},
 issn = {0021-9606, 1089-7690},
 journal = {J. Chem. Phys.},
 language = {en},
 month = {August},
 number = {4},
 pages = {1719--1729},
 title = {Force {Constants} and {Dipole}-{Moment} {Derivatives} of {Molecules} from {Perturbed} {Hartree}-{Fock} {Calculations}. {I}},
 volume = {49},
 year = {1968}
}

@article{Gerratt-Mills.JCP.1968a,
 author = {GERRATT, J. and MILLS, I. M.},
 doi = {10.1063/1.1670300},
 issn = {0021-9606},
 journal = {J. Chem. Phys.},
 number = {4},
 pages = {1730--1739},
 title = {Force {Constants} and {Dipole}‐{Moment} {Derivatives} of {Molecules} from {Perturbed} {Hartree}-{Fock} {Calculations}. {II}. {Applications} to {Limited} {Basis}‐{Set} {SCF}-{MO} {Wavefunctions}},
 volume = {49},
 year = {1968}
}

@inproceedings{Gilmer-Dahl.ICML.2017,
 abstract = {Supervised learning on molecules has incredible potential to be useful in chemistry, drug discovery, and materials science. Luckily, several promising and closely related neural network models invariant to molecular symmetries have already been described in the literature. These models learn a message passing algorithm and aggregation procedure to compute a function of their entire input graph. At this point, the next step is to find a particularly effective variant of this general approach and apply it to chemical prediction benchmarks until we either solve them or reach the limits of the approach. In this paper, we reformulate existing models into a single common framework we call Message Passing Neural Networks (MPNNs) and explore additional novel variations within this framework. Using MPNNs we demonstrate state of the art results on an important molecular property prediction benchmark; these results are strong enough that we believe future work should focus on datasets with larger molecules or more accurate ground truth labels.},
 address = {International Convention Centre, Sydney, Australia},
 author = {GILMER, JUSTIN and SCHOENHOLZ, SAMUEL S. and RILEY, PATRICK F. and VINYALS, ORIOL and DAHL, GEORGE E.},
 booktitle = {Proceedings of the 34th {International} {Conference} on {Machine} {Learning}},
 editor = {Precup, Doina and Teh, Yee Whye},
 file = {Attachment:E\:\\Documents-Zotero\\storage\\822AS7BS\\Gilmer-Dahl.ICoML.2017.70.pdf:application/pdf;Attachment:E\:\\Documents-Zotero\\storage\\25JVYNTK\\Gilmer-Dahl.ICoML.2017.70-SI.pdf:application/pdf},
 month = {August},
 note = {Journal Abbreviation: ICML},
 pages = {1263--1272},
 publisher = {PMLR},
 title = {Neural {Message} {Passing} for {Quantum} {Chemistry}},
 url = {http://proceedings.mlr.press/v70/gilmer17a.html},
 volume = {70},
 year = {2017}
}

@article{Goerigk-Grimme.JCTC.2011,
 author = {GOERIGK, LARS and GRIMME, STEFAN},
 doi = {10.1021/ct100466k},
 issn = {1549-9618, 1549-9626},
 journal = {J. Chem. Theory Comput.},
 langid = {english},
 month = {February},
 number = {2},
 pages = {291--309},
 title = {Efficient and {{Accurate Double-Hybrid-Meta-GGA Density Functionals}}{\textemdash}{{Evaluation}} with the {{Extended GMTKN30 Database}} for {{General Main Group Thermochemistry}}, {{Kinetics}}, and {{Noncovalent Interactions}}},
 volume = {7},
 year = {2011}
}

@article{Goerigk-Grimme.PCCP.2017,
 author = {GOERIGK, LARS and HANSEN, ANDREAS and BAUER, CHRISTOPH and EHRLICH, STEPHAN and NAJIBI, ASIM and GRIMME, STEFAN},
 doi = {10.1039/C7CP04913G},
 issn = {1463-9076, 1463-9084},
 journal = {Phys. Chem. Chem. Phys.},
 language = {en},
 number = {48},
 pages = {32184--32215},
 title = {A look at the density functional theory zoo with the advanced {GMTKN55} database for general main group thermochemistry, kinetics and noncovalent interactions},
 volume = {19},
 year = {2017}
}

@article{Goerling-Goerling.PRB.2019,
 author = {GÖRLING, ANDREAS},
 doi = {10.1103/PhysRevB.99.235120},
 issn = {2469-9950, 2469-9969},
 journal = {Phys. Rev. B},
 language = {en},
 month = {June},
 number = {23},
 pages = {235120},
 title = {Hierarchies of methods towards the exact {Kohn}-{Sham} correlation energy based on the adiabatic-connection fluctuation-dissipation theorem},
 volume = {99},
 year = {2019}
}

@article{Goerling-Goerling.PRL.1999,
 author = {GÖRLING, ANDREAS},
 doi = {10.1103/PhysRevLett.83.5459},
 issn = {0031-9007, 1079-7114},
 journal = {Phys. Rev. Lett.},
 language = {en},
 month = {December},
 number = {26},
 pages = {5459--5462},
 title = {New {KS} {Method} for {Molecules} {Based} on an {Exchange} {Charge} {Density} {Generating} the {Exact} {Local} {KS} {Exchange} {Potential}},
 volume = {83},
 year = {1999}
}

@article{Goerling-Levy.PRA.1994,
 author = {GÖRLING, ANDREAS and LEVY, MEL},
 doi = {10.1103/physreva.50.196},
 journal = {Phys. Rev. A},
 number = {1},
 pages = {196--204},
 title = {Exact {Kohn}-{Sham} scheme based on perturbation theory},
 volume = {50},
 year = {1994}
}

@article{Goerling-Levy.PRB.1993,
 author = {GÖRLING, ANDREAS and LEVY, MEL},
 doi = {10.1103/physrevb.47.13105},
 journal = {Phys. Rev. B},
 number = {20},
 pages = {13105--13113},
 title = {Correlation-energy functional and its high-density limit obtained from a coupling-constant perturbation expansion},
 volume = {47},
 year = {1993}
}

@article{Goldey-Head-Gordon.PCCP.2013,
 author = {GOLDEY, MATTHEW and DUTOI, ANTHONY and HEAD-GORDON, MARTIN},
 doi = {10.1039/c3cp51826d},
 issn = {1463-9076, 1463-9084},
 journal = {Phys. Chem. Chem. Phys.},
 language = {en},
 number = {38},
 pages = {15869},
 title = {Attenuated second-order {Møller}-{Plesset} perturbation theory: performance within the aug-cc-{pVTZ} basis},
 volume = {15},
 year = {2013}
}

@article{Goldstone-Goldstone.PRSLA.1957,
 author = {GOLDSTONE, JEFFREY},
 doi = {10.1098/rspa.1957.0037},
 issn = {0080-4630, 2053-9169},
 journal = {Proc. R. Soc. Lond. A},
 language = {en},
 month = {February},
 number = {1217},
 pages = {267--279},
 title = {Derivation of the {Brueckner} many-body theory},
 volume = {239},
 year = {1957}
}

@article{Goloviznina-Padua.JCTC.2019,
 author = {GOLOVIZNINA, KATERYNA and CANONGIA LOPES, JOSÉ N. and COSTA GOMES, MARGARIDA and PÁDUA, AGÍLIO A. H.},
 doi = {10.1021/acs.jctc.9b00689},
 issn = {1549-9618},
 journal = {J. Chem. Theory Comput.},
 month = {November},
 number = {11},
 pages = {5858--5871},
 title = {Transferable, {Polarizable} {Force} {Field} for {Ionic} {Liquids}},
 volume = {15},
 year = {2019}
}

@article{Gordon-Truhlar.JACS.1986,
 author = {GORDON, MARK S. and TRUHLAR, DONALD G.},
 doi = {10.1021/ja00278a007},
 issn = {0002-7863, 1520-5126},
 journal = {J. Am. Chem. Soc.},
 language = {en},
 month = {September},
 number = {18},
 pages = {5412--5419},
 title = {Scaling all correlation energy in perturbation theory calculations of bond energies and barrier heights},
 volume = {108},
 year = {1986}
}

@article{Graziano-Graziano.NRC.2017,
 author = {GRAZIANO, GABRIELLA},
 copyright = {2017 Macmillan Publishers Limited},
 doi = {10.1038/s41570-017-0019},
 issn = {2397-3358},
 journal = {Nat. Rev. Chem.},

 language = {en},
 month = {February},
 number = {2},
 pages = {1--1},
 title = {Quantum chemistry: {DFT}'s midlife crisis},
 volume = {1},
 year = {2017}
}

@article{Gregusova-Bartlett.JCTC.2010,
 author = {GREGUŠOVÁ, ADRIANA and PERERA, S. AJITH and BARTLETT, RODNEY J.},
 doi = {10.1021/ct9005739},
 issn = {1549-9618, 1549-9626},
 journal = {J. Chem. Theory Comput.},
 language = {en},
 month = {April},
 number = {4},
 pages = {1228--1239},
 title = {Accuracy of {Computed} $^{\textrm{15}}${N} {Nuclear} {Magnetic} {Resonance} {Chemical} {Shifts}},
 volume = {6},
 year = {2010}
}

@article{Grimme-Goerigk.JCC.2011,
 author = {GRIMME, STEFAN and EHRLICH, STEPHAN and GOERIGK, LARS},
 doi = {10.1002/jcc.21759},
 issn = {01928651},
 journal = {J. Comput. Chem.},
 language = {en},
 month = {May},
 number = {7},
 pages = {1456--1465},
 title = {Effect of the damping function in dispersion corrected density functional theory},
 volume = {32},
 year = {2011}
}

@article{Grimme-Grimme.JCP.2003,
 author = {GRIMME, STEFAN},
 doi = {10.1063/1.1569242},
 issn = {0021-9606, 1089-7690},
 journal = {J. Chem. Phys.},
 language = {en},
 month = {May},
 number = {20},
 pages = {9095--9102},
 title = {Improved second-order {Møller}-{Plesset} perturbation theory by separate scaling of parallel- and antiparallel-spin pair correlation energies},
 volume = {118},
 year = {2003}
}

@article{Grimme-Grimme.JCP.2006,
 author = {GRIMME, STEFAN},
 doi = {10.1063/1.2148954},
 journal = {J. Chem. Phys.},
 number = {3},
 pages = {034108},
 title = {Semiempirical hybrid density functional with perturbative second-order correlation},
 volume = {124},
 year = {2006}
}

@article{Gu-Xu.JCTC.2021,
 author = {GU, YONGHAO and ZHU, ZHENYU and XU, XIN},
 copyright = {All rights reserved},
 doi = {10.1021/acs.jctc.1c00457},
 issn = {1549-9618, 1549-9626},
 journal = {J. Chem. Theory Comput.},
 language = {en},
 month = {August},
 number = {8},
 pages = {4860--4871},
 title = {Second-{Order} {Analytic} {Derivatives} for {XYG3} {Type} of {Doubly} {Hybrid} {Density} {Functionals}: {Theory}, {Implementation}, and {Application} to {Harmonic} and {Anharmonic} {Vibrational} {Frequency} {Calculations}},
 volume = {17},
 year = {2021}
}

@article{Gu-Xu.JCTC.2021a,
 author = {GU, YONGHAO and XU, XIN},
 doi = {10.1021/acs.jctc.1c00990},
 issn = {1549-9618},
 journal = {J. Chem. Theory Comput.},
 month = {December},
 number = {12},
 pages = {7745--7752},
 title = {Symmetry {Dilemma} of {Doubly} {Hybrid} {Density} {Functionals} for {Equilibrium} {Molecular} {Property} {Calculations}},
 volume = {17},
 year = {2021}
}

@phdthesis{Gu.Thesis.2020,
 address = {上海},
 author = {{谷永浩}},
 month = {August},
 school = {复旦大学},
 title = {密度泛函理论——双杂化密度泛函分子性质计算方法新进展},
 year = {2020}
}

@article{Gulde-Weigend.JCTC.2012,
 author = {GULDE, REBEKKA and POLLAK, PATRIK and WEIGEND, FLORIAN},
 doi = {10.1021/ct300302u},
 issn = {1549-9618, 1549-9626},
 journal = {J. Chem. Theory Comput.},
 language = {en},
 month = {November},
 number = {11},
 pages = {4062--4068},
 title = {Error-{Balanced} {Segmented} {Contracted} {Basis} {Sets} of {Double}-$\zeta$ to {Quadruple}-$\zeta$ {Valence} {Quality} for the {Lanthanides}},
 volume = {8},
 year = {2012}
}

@article{Guo-Neese.JCP.2018,
 author = {GUO, YANG and RIPLINGER, CHRISTOPH and BECKER, UTE and LIAKOS, DIMITRIOS G. and MINENKOV, YURY and CAVALLO, LUIGI and NEESE, FRANK},
 doi = {10.1063/1.5011798},
 issn = {0021-9606, 1089-7690},
 journal = {J. Chem. Phys.},
 language = {en},
 month = {January},
 number = {1},
 pages = {011101},
 title = {Communication: {An} improved linear scaling perturbative triples correction for the domain based local pair-natural orbital based singles and doubles coupled cluster method [{DLPNO}-{CCSD}({T})]},
 volume = {148},
 year = {2018}
}

@article{Guo-Xu.JCC.2012,
 author = {GUO, WENPING and WU, ANAN and ZHANG, IGOR YING and XU, XIN},
 doi = {10.1002/jcc.23051},
 issn = {01928651},
 journal = {J. Comput. Chem.},
 language = {en},
 month = {October},
 number = {27},
 pages = {2142--2160},
 title = {{XO}: {An} extended {ONIOM} method for accurate and efficient modeling of large systems},
 volume = {33},
 year = {2012}
}

@article{Haettig-Haettig.PCCP.2005,
 author = {HÄTTIG, CHRISTOF},
 doi = {10.1039/B415208E},
 issn = {1463-9076, 1463-9084},
 journal = {Phys. Chem. Chem. Phys.},
 language = {en},
 number = {1},
 pages = {59--66},
 title = {Optimization of auxiliary basis sets for {RI}-{MP2} and {RI}-{CC2} calculations: {Core}-valence and quintuple-$\zeta$ basis sets for {H} to {Ar} and {QZVPP} basis sets for {Li} to {Kr}},
 volume = {7},
 year = {2005}
}

@article{Hait-Head-Gordon.JCP.2018,
 author = {HAIT, DIPTARKA and HEAD-GORDON, MARTIN},
 doi = {10.1063/1.5031027},
 issn = {0021-9606, 1089-7690},
 journal = {J. Chem. Phys.},
 language = {en},
 month = {May},
 number = {17},
 pages = {171102},
 title = {Communication: {xDH} double hybrid functionals can be qualitatively incorrect for non-equilibrium geometries: {Dipole} moment inversion and barriers to radical-radical association using {XYG3} and {XYGJ}-{OS}},
 volume = {148},
 year = {2018}
}

@article{Hait-Head-Gordon.JCTC.2018,
 author = {HAIT, DIPTARKA and HEAD-GORDON, MARTIN},
 doi = {10.1021/acs.jctc.7b01252},
 issn = {1549-9618, 1549-9626},
 journal = {J. Chem. Theory Comput.},
 language = {en},
 month = {April},
 number = {4},
 pages = {1969--1981},
 title = {How {Accurate} {Is} {Density} {Functional} {Theory} at {Predicting} {Dipole} {Moments}? {An} {Assessment} {Using} a {New} {Database} of 200 {Benchmark} {Values}},
 volume = {14},
 year = {2018}
}

@article{Hait-Head-Gordon.PCCP.2018,
 author = {HAIT, DIPTARKA and HEAD-GORDON, MARTIN},
 doi = {10.1039/C8CP03569E},
 issn = {1463-9076, 1463-9084},
 journal = {Phys. Chem. Chem. Phys.},
 language = {en},
 number = {30},
 pages = {19800--19810},
 title = {How accurate are static polarizability predictions from density functional theory? {An} assessment over 132 species at equilibrium geometry},
 volume = {20},
 year = {2018}
}

@article{Halgren-Damm.COSB.2001,
 author = {HALGREN, THOMAS A. and DAMM, WOLFGANG},
 doi = {10.1016/S0959-440X(00)00196-2},
 issn = {0959-440X},
 journal = {Curr. Opin. Struc. Biol.},

 number = {2},
 pages = {236--242},
 title = {Polarizable force fields},
 volume = {11},
 year = {2001}
}

@article{Halkier-Joergensen.JCP.1999,
 author = {HALKIER, ASGER and KLOPPER, WIM and HELGAKER, TRYGVE and JØRGENSEN, POUL},
 doi = {10.1063/1.480036},
 issn = {0021-9606, 1089-7690},
 journal = {J. Chem. Phys.},
 language = {en},
 month = {September},
 number = {10},
 pages = {4424--4430},
 title = {Basis-set convergence of the molecular electric dipole moment},
 volume = {111},
 year = {1999}
}

@article{Halkier-Olsen.CPL.1999,
 author = {HALKIER, ASGER and HELGAKER, TRYGVE and JØRGENSEN, POUL and KLOPPER, WIM and OLSEN, JEPPE},
 doi = {10.1016/S0009-2614(99)00179-7},
 issn = {00092614},
 journal = {Chem. Phys. Lett.},
 language = {en},
 month = {March},
 number = {5-6},
 pages = {437--446},
 title = {Basis-set convergence of the energy in molecular {Hartree}-{Fock} calculations},
 volume = {302},
 year = {1999}
}

@article{Halkier-Wilson.CPL.1998,
 author = {HALKIER, ASGER and HELGAKER, TRYGVE and JØRGENSEN, POUL and KLOPPER, WIM and KOCH, HENRIK and OLSEN, JEPPE and WILSON, ANGELA K.},
 doi = {10.1016/S0009-2614(98)00111-0},
 issn = {00092614},
 journal = {Chem. Phys. Lett.},
 language = {en},
 month = {April},
 number = {3-4},
 pages = {243--252},
 title = {Basis-set convergence in correlated calculations on {Ne}, {N2}, and {H2O}},
 volume = {286},
 year = {1998}
}

@article{Hammer-Noerskov.PRB.1999,
 author = {HAMMER, B. and HANSEN, L. B. and N{\O}RSKOV, J. K.},
 doi = {10.1103/PhysRevB.59.7413},
 issn = {0163-1829, 1095-3795},
 journal = {Phys. Rev. B},
 langid = {english},
 month = {March},
 number = {11},
 pages = {7413--7421},
 title = {Improved Adsorption Energetics within Density-Functional Theory Using Revised {{Perdew-Burke-Ernzerhof}} Functionals},
 volume = {59},
 year = {1999}
}

@article{Hammes-Schiffer-Hammes-Schiffer.S.2017,
 author = {HAMMES-SCHIFFER, SHARON},
 doi = {10.1126/science.aal3442},
 journal = {Science},
 month = {January},
 number = {6320},
 pages = {28--29},
 title = {A conundrum for density functional theory},
 volume = {355},
 year = {2017}
}

@article{Hammond-Xantheas.JCP.2009,
 author = {HAMMOND, JEFF R. and GOVIND, NIRANJAN and KOWALSKI, KAROL and AUTSCHBACH, JOCHEN and XANTHEAS, SOTIRIS S.},
 doi = {10.1063/1.3263604},
 issn = {0021-9606, 1089-7690},
 journal = {J. Chem. Phys.},
 language = {en},
 month = {December},
 number = {21},
 pages = {214103},
 title = {Accurate dipole polarizabilities for water clusters $n$=2-12 at the coupled-cluster level of theory and benchmarking of various density functionals},
 volume = {131},
 year = {2009}
}

@article{Hamprecht-Handy.JCP.1998,
 author = {HAMPRECHT, FRED A. and COHEN, ARON J. and TOZER, DAVID J. and HANDY, NICHOLAS C.},
 doi = {10.1063/1.477267},
 issn = {0021-9606, 1089-7690},
 journal = {J. Chem. Phys.},
 langid = {english},
 month = {October},
 number = {15},
 pages = {6264--6271},
 title = {Development and Assessment of New Exchange-Correlation Functionals},
 volume = {109},
 year = {1998}
}

@article{Handy-Cohen.MP.2001,
 author = {HANDY, NICHOLAS C. and COHEN, ARON J.},
 doi = {10.1080/00268970010018431},
 issn = {0026-8976, 1362-3028},
 journal = {Mol. Phys.},
 langid = {english},
 month = {March},
 number = {5},
 pages = {403--412},
 title = {Left-Right Correlation Energy},
 volume = {99},
 year = {2001}
}

@article{Handy-Schaefer.JCP.1984,
 author = {HANDY, NICHOLAS C. and SCHAEFER, HENRY F.},
 doi = {10.1063/1.447489},
 issn = {0021-9606, 1089-7690},
 journal = {J. Chem. Phys.},
 language = {en},
 month = {December},
 number = {11},
 pages = {5031--5033},
 title = {On the evaluation of analytic energy derivatives for correlated wave functions},
 volume = {81},
 year = {1984}
}

@article{Handy-Simandiras.CPL.1985,
 author = {HANDY, N.C. and AMOS, R.D. and GAW, J.F. and RICE, J.E. and SIMANDIRAS, E.D.},
 doi = {10.1016/0009-2614(85)87031-7},
 issn = {00092614},
 journal = {Chem. Phys. Lett.},
 language = {en},
 month = {October},
 number = {2},
 pages = {151--158},
 title = {The elimination of singularities in derivative calculations},
 volume = {120},
 year = {1985}
}

@article{Hartree-Hartree.MPCPS.1928,
 author = {HARTREE, D. R.},
 doi = {10.1017/S0305004100015954},
 issn = {0305-0041, 1469-8064},
 journal = {Math. Proc. Cambridge Philos. Soc.},
 language = {en},
 month = {July},
 number = {3},
 pages = {426--437},
 title = {The {Wave} {Mechanics} of an {Atom} with a non-{Coulomb} {Central} {Field}. {Part} {III}. {Term} {Values} and {Intensities} in {Series} in {Optical} {Spectra}},
 volume = {24},
 year = {1928}
}

@article{Head-Gordon-Head-Gordon.CPL.1994,
 author = {HEAD-GORDON, MARTIN and HEAD-GORDON, TERESA},
 doi = {10.1016/0009-2614(94)00116-2},
 issn = {00092614},
 journal = {Chem. Phys. Lett.},
 language = {en},
 month = {March},
 number = {1-2},
 pages = {122--128},
 title = {Analytic {MP2} frequencies without fifth-order storage. {Theory} and application to bifurcated hydrogen bonds in the water hexamer},
 volume = {220},
 year = {1994}
}

@article{Helgaker-Joergensen.TCA.1989,
 author = {HELGAKER, TRYGVE and JØRGENSEN, POUL},
 doi = {10.1007/BF00527713},
 issn = {0040-5744, 1432-2234},
 journal = {Theor. Chim. Acta},
 language = {en},
 number = {2},
 pages = {111--127},
 title = {Configuration-interaction energy derivatives in a fully variational formulation},
 volume = {75},
 year = {1989}
}

@book{Helgaker-Jorgensen.Wiley.2013,
 author = {HELGAKER, TRYGVE and OLSEN, JEPPE and JORGENSEN, POUL},
 isbn = {1-118-53147-7},
 month = {February},
 publisher = {Wiley-Blackwell},
 title = {Molecular {Electronic}-{Structure} {Theory}},
 year = {2013}
}

@article{Helgaker-Noga.JCP.1997,
 author = {HELGAKER, TRYGVE and KLOPPER, WIM and KOCH, HENRIK and NOGA, JOZEF},
 doi = {10.1063/1.473863},
 issn = {0021-9606, 1089-7690},
 journal = {J. Chem. Phys.},
 language = {en},
 month = {June},
 number = {23},
 pages = {9639--9646},
 title = {Basis-set convergence of correlated calculations on water},
 volume = {106},
 year = {1997}
}

@article{Hellweg-Klopper.TCA.2007,
 author = {HELLWEG, ARNIM and HÄTTIG, CHRISTOF and HÖFENER, SEBASTIAN and KLOPPER, WIM},
 doi = {10.1007/s00214-007-0250-5},
 issn = {1432-881X, 1432-2234},
 journal = {Theor. Chem. Acc.},
 language = {en},
 month = {March},
 number = {4},
 pages = {587--597},
 title = {Optimized accurate auxiliary basis sets for {RI}-{MP2} and {RI}-{CC2} calculations for the atoms {Rb} to {Rn}},
 volume = {117},
 year = {2007}
}

@article{Hellweg-Rappoport.PCCP.2015,
 author = {HELLWEG, ARNIM and RAPPOPORT, DMITRIJ},
 doi = {10.1039/C4CP04286G},
 issn = {1463-9076, 1463-9084},
 journal = {Phys. Chem. Chem. Phys.},
 language = {en},
 number = {2},
 pages = {1010--1017},
 title = {Development of new auxiliary basis functions of the {Karlsruhe} segmented contracted basis sets including diffuse basis functions (def2-{SVPD}, def2-{TZVPPD}, and def2-{QVPPD}) for {RI}-{MP2} and {RI}-{CC} calculations},
 volume = {17},
 year = {2015}
}

@article{Henderson-Scuseria.JCP.2009,
 author = {HENDERSON, THOMAS M. and IZMAYLOV, ARTUR F. and SCALMANI, GIOVANNI and SCUSERIA, GUSTAVO E.},
 doi = {10.1063/1.3185673},
 issn = {0021-9606, 1089-7690},
 journal = {J. Chem. Phys.},
 langid = {english},
 month = {July},
 number = {4},
 pages = {044108},
 title = {Can Short-Range Hybrids Describe Long-Range-Dependent Properties?},
 volume = {131},
 year = {2009}
}

@article{Heyd-Ernzerhof.JCP.2003,
 author = {HEYD, JOCHEN and SCUSERIA, GUSTAVO E. and ERNZERHOF, MATTHIAS},
 doi = {10.1063/1.1564060},
 issn = {0021-9606, 1089-7690},
 journal = {J. Chem. Phys.},
 langid = {english},
 month = {May},
 number = {18},
 pages = {8207--8215},
 title = {Hybrid Functionals Based on a Screened {{Coulomb}} Potential},
 volume = {118},
 year = {2003}
}

@article{Heyd-Ernzerhof.JCP.2006,
 author = {HEYD, JOCHEN and SCUSERIA, GUSTAVO E. and ERNZERHOF, MATTHIAS},
 doi = {10.1063/1.2204597},
 issn = {0021-9606, 1089-7690},
 journal = {J. Chem. Phys.},
 langid = {english},
 month = {June},
 number = {21},
 pages = {219906},
 title = {Erratum: ``{{Hybrid}} Functionals Based on a Screened {{Coulomb}} Potential'' [{{J}}. {{Chem}}. {{Phys}}. 118, 8207 (2003)]},
 volume = {124},
 year = {2006}
}

@article{Heyd-Scuseria.JCP.2004,
 author = {HEYD, JOCHEN and SCUSERIA, GUSTAVO E.},
 doi = {10.1063/1.1668634},
 issn = {0021-9606, 1089-7690},
 journal = {J. Chem. Phys.},
 langid = {english},
 month = {April},
 number = {16},
 pages = {7274--7280},
 title = {Assessment and Validation of a Screened {{Coulomb}} Hybrid Density Functional},
 volume = {120},
 year = {2004}
}

@article{Hickey-Rowley.JPCA.2014,
 author = {HICKEY, A. LEIF and ROWLEY, CHRISTOPHER N.},
 doi = {10.1021/jp502475e},
 issn = {1089-5639, 1520-5215},
 journal = {J. Phys. Chem. A},
 language = {en},
 month = {May},
 number = {20},
 pages = {3678--3687},
 title = {Benchmarking {Quantum} {Chemical} {Methods} for the {Calculation} of {Molecular} {Dipole} {Moments} and {Polarizabilities}},
 volume = {118},
 year = {2014}
}

@article{Hill-Peterson.JCP.2010,
 author = {HILL, J. GRANT and MAZUMDER, SHIVNATH and PETERSON, KIRK A.},
 doi = {10.1063/1.3308483},
 issn = {0021-9606, 1089-7690},
 journal = {J. Chem. Phys.},
 language = {en},
 month = {February},
 number = {5},
 pages = {054108},
 title = {Correlation consistent basis sets for molecular core-valence effects with explicitly correlated wave functions: {The} atoms {B}-{Ne} and {Al}-{Ar}},
 volume = {132},
 year = {2010}
}

@article{Hoe-Handy.CPL.2001,
 author = {HOE, WEE-MENG and COHEN, ARON J. and HANDY, NICHOLAS C.},
 doi = {10.1016/S0009-2614(01)00581-4},
 issn = {00092614},
 journal = {Chem. Phys. Lett.},
 langid = {english},
 month = {June},
 number = {3-4},
 pages = {319--328},
 title = {Assessment of a New Local Exchange Functional {{OPTX}}},
 volume = {341},
 year = {2001}
}

@article{Hohenberg-Kohn.PR.1964,
 author = {HOHENBERG, P. and KOHN, W.},
 doi = {10.1103/PhysRev.136.B864},
 issn = {0031-899X},
 journal = {Phys. Rev.},
 language = {en},
 month = {November},
 number = {3B},
 pages = {B864--B871},
 title = {Inhomogeneous {Electron} {Gas}},
 volume = {136},
 year = {1964}
}

@article{Hohenstein-Martinez.JCP.2012,
 author = {HOHENSTEIN, EDWARD G. and PARRISH, ROBERT M. and MARTÍNEZ, TODD J.},
 doi = {10.1063/1.4732310},
 issn = {0021-9606, 1089-7690},
 journal = {J. Chem. Phys.},
 language = {en},
 month = {July},
 number = {4},
 pages = {044103},
 title = {Tensor hypercontraction density fitting. {I}. {Quartic} scaling second- and third-order {Møller}-{Plesset} perturbation theory},
 volume = {137},
 year = {2012}
}

@article{Horn-Ahlrichs.JCC.1991,
 author = {HORN, HANS and WEISS, HORST and HÁSER, MARCO and EHRIG, MICHAEL and AHLRICHS, REINHART},
 doi = {10.1002/jcc.540120903},
 issn = {01928651},
 journal = {J. Comput. Chem.},
 language = {en},
 month = {November},
 number = {9},
 pages = {1058--1064},
 title = {Prescreening of two-electron integral derivatives in {SCF} gradient and {Hessian} calculations},
 volume = {12},
 year = {1991}
}

@article{Hui-Chai.JCP.2016,
 author = {HUI, KERWIN and CHAI, JENG-DA},
 doi = {10.1063/1.4940734},
 issn = {0021-9606, 1089-7690},
 journal = {J. Chem. Phys.},
 langid = {english},
 month = {January},
 number = {4},
 pages = {044114},
 title = {{{SCAN-based}} Hybrid and Double-Hybrid Density Functionals from Models without Fitted Parameters},
 volume = {144},
 year = {2016}
}

@article{Huzak-Deleuze.JCP.2013,
 author = {HUZAK, M. and DELEUZE, M. S.},
 doi = {10.1063/1.4773018},
 issn = {0021-9606, 1089-7690},
 journal = {J. Chem. Phys.},
 language = {en},
 month = {January},
 number = {2},
 pages = {024319},
 title = {Benchmark theoretical study of the electric polarizabilities of naphthalene, anthracene, and tetracene},
 volume = {138},
 year = {2013}
}

@article{Hylleraas-Hylleraas.ZP.1930,
 author = {HYLLERAAS, EGIL A.},
 doi = {10.1007/BF01397032},
 issn = {1434-6001, 1434-601X},
 journal = {Z. Phys.},
 language = {de},
 month = {March},
 number = {3-4},
 pages = {209--225},
 title = {Über den {Grundterm} der {Zweielektronenprobleme} von {H}\textsuperscript{-}, {He}, {Li}\textsuperscript{+}, {Be}\textsuperscript{++} usw.},
 volume = {65},
 year = {1930}
}

@article{Iikura-Hirao.JCP.2001,
 author = {IIKURA, HISAYOSHI and TSUNEDA, TAKAO and YANAI, TAKESHI and HIRAO, KIMIHIKO},
 doi = {10.1063/1.1383587},
 issn = {0021-9606, 1089-7690},
 journal = {J. Chem. Phys.},
 language = {en},
 month = {August},
 number = {8},
 pages = {3540--3544},
 title = {A long-range correction scheme for generalized-gradient-approximation exchange functionals},
 volume = {115},
 year = {2001}
}

@article{Jaramillo-Ernzerhof.JCP.2003,
 author = {JARAMILLO, JUANITA and SCUSERIA, GUSTAVO E. and ERNZERHOF, MATTHIAS},
 doi = {10.1063/1.1528936},
 issn = {0021-9606, 1089-7690},
 journal = {J. Chem. Phys.},
 language = {en},
 month = {January},
 number = {3},
 pages = {1068--1073},
 title = {Local hybrid functionals},
 volume = {118},
 year = {2003}
}

@article{Jensen-Helgaker.JCP.2004,
 author = {JENSEN, FRANK and HELGAKER, TRYGVE},
 doi = {10.1063/1.1756866},
 issn = {0021-9606, 1089-7690},
 journal = {J. Chem. Phys.},
 language = {en},
 month = {August},
 number = {8},
 pages = {3463--3470},
 title = {Polarization consistent basis sets. {V}. {The} elements {Si}-{Cl}},
 volume = {121},
 year = {2004}
}

@article{Jensen-Jensen.JCP.2001,
 author = {JENSEN, FRANK},
 doi = {10.1063/1.1413524},
 issn = {0021-9606, 1089-7690},
 journal = {J. Chem. Phys.},
 language = {en},
 month = {November},
 number = {20},
 pages = {9113--9125},
 title = {Polarization consistent basis sets: {Principles}},
 volume = {115},
 year = {2001}
}

@article{Jensen-Jensen.JCP.2002,
 author = {JENSEN, FRANK},
 doi = {10.1063/1.1465405},
 issn = {0021-9606, 1089-7690},
 journal = {J. Chem. Phys.},
 language = {en},
 month = {May},
 number = {17},
 pages = {7372--7379},
 title = {Polarization consistent basis sets. {II}. {Estimating} the {Kohn}-{Sham} basis set limit},
 volume = {116},
 year = {2002}
}

@article{Jensen-Jensen.JCP.2002a,
 author = {JENSEN, FRANK},
 doi = {10.1063/1.1515484},
 issn = {0021-9606, 1089-7690},
 journal = {J. Chem. Phys.},
 language = {en},
 month = {November},
 number = {20},
 pages = {9234--9240},
 title = {Polarization consistent basis sets. {III}. {The} importance of diffuse functions},
 volume = {117},
 year = {2002}
}

@article{Jensen-Jensen.JCP.2012,
 author = {JENSEN, FRANK},
 doi = {10.1063/1.3690460},
 issn = {0021-9606, 1089-7690},
 journal = {J. Chem. Phys.},
 language = {en},
 month = {March},
 number = {11},
 pages = {114107},
 title = {Polarization consistent basis sets. {VII}. {The} elements {K}, {Ca}, {Ga}, {Ge}, {As}, {Se}, {Br}, and {Kr}},
 volume = {136},
 year = {2012}
}

@article{Jensen-Jensen.JPCA.2007,
 author = {JENSEN, FRANK},
 doi = {10.1021/jp068677h},
 issn = {1089-5639, 1520-5215},
 journal = {J. Phys. Chem. A},
 language = {en},
 month = {November},
 number = {44},
 pages = {11198--11204},
 title = {Polarization {Consistent} {Basis} {Sets}. 4: {The} {Elements} {He}, {Li}, {Be}, {B}, {Ne}, {Na}, {Mg}, {Al}, and {Ar}},
 volume = {111},
 year = {2007}
}

@article{Jensen-Jensen.TCA.2005,
 author = {JENSEN, FRANK},
 doi = {10.1007/s00214-005-0635-2},
 issn = {1432-881X, 1432-2234},
 journal = {Theor. Chem. Acc.},
 language = {en},
 month = {June},
 number = {5},
 pages = {267--273},
 title = {Estimating the {Hartree}-{Fock} limit from finite basis set calculations},
 volume = {113},
 year = {2005}
}

@article{Jensen-Schatz.CSR.2008,
 author = {JENSEN, LASSE and AIKENS, CHRISTINE M. and SCHATZ, GEORGE C.},
 doi = {10.1039/b706023h},
 journal = {Chem. Soc. Rev.},
 number = {5},
 pages = {1061},
 title = {Electronic structure methods for studying surface-enhanced {Raman} scattering},
 volume = {37},
 year = {2008}
}

@article{Ji-Jung.JCTC.2013,
 author = {JI, HYUNJUN and SHAO, YIHAN and GODDARD, WILLIAM A. and JUNG, YOUSUNG},
 doi = {10.1021/ct400050d},
 journal = {J. Chem. Theory Comput.},
 number = {4},
 pages = {1971--1976},
 title = {Analytic {Derivatives} of {Quartic}-{Scaling} {Doubly} {Hybrid} {XYGJ}-{OS} {Functional}: {Theory}, {Implementation}, and {Benchmark} {Comparison} with {M06}-{2X} and {MP2} {Geometries} for {Nonbonded} {Complexes}},
 volume = {9},
 year = {2013}
}

@article{Johnson-Frisch.CPL.1993,
 author = {JOHNSON, BENNY G. and FRISCH, MICHAEL J.},
 doi = {10.1016/0009-2614(93)E1238-C},
 issn = {00092614},
 journal = {Chem. Phys. Lett.},
 language = {en},
 month = {December},
 number = {1-2},
 pages = {133--140},
 title = {Analytic second derivatives of the gradient-corrected density functional energy. {Effect} of quadrature weight derivatives},
 volume = {216},
 year = {1993}
}

@article{Jurecka-Hobza.PCCP.2006,
 author = {JUREČKA, PETR and ŠPONER, JIŘÍ and ČERNÝ, JIŘÍ and HOBZA, PAVEL},
 doi = {10.1039/B600027D},
 issn = {1463-9076, 1463-9084},
 journal = {Phys. Chem. Chem. Phys.},
 language = {en},
 number = {17},
 pages = {1985--1993},
 title = {Benchmark database of accurate ({MP2} and {CCSD}({T}) complete basis set limit) interaction energies of small model complexes, {DNA} base pairs, and amino acid pairs},
 volume = {8},
 year = {2006}
}

@article{Kahn-Kahn.JCC.2008,
 author = {KAHN, KALJU and KAHN, IIRIS},
 doi = {10.1002/jcc.20848},
 issn = {01928651, 1096987X},
 journal = {J. Comput. Chem.},
 language = {en},
 month = {April},
 number = {6},
 pages = {900--911},
 title = {Improved efficiency of focal point conformational analysis with truncated correlation consistent basis sets},
 volume = {29},
 year = {2008}
}

@article{Kaliman-Krylov.JCC.2017,
 author = {KALIMAN, ILYA A. and KRYLOV, ANNA I.},
 doi = {10.1002/jcc.24713},
 issn = {01928651},
 journal = {J. Comput. Chem.},
 language = {en},
 month = {April},
 number = {11},
 pages = {842--853},
 title = {New algorithm for tensor contractions on multi-core {CPUs}, {GPUs}, and accelerators enables {CCSD} and {EOM}-{CCSD} calculations with over 1000 basis functions on a single compute node},
 volume = {38},
 year = {2017}
}

@article{Karton-Martin.JPCA.2008,
 author = {KARTON, AMIR and TARNOPOLSKY, ALEX and LAM{\`E}RE, JEAN-FRAN{\C C}OIS and SCHATZ, GEORGE C. and MARTIN, JAN M. L.},
 doi = {10.1021/jp801805p},
 issn = {1089-5639, 1520-5215},
 journal = {J. Phys. Chem. A},
 langid = {english},
 month = {December},
 number = {50},
 pages = {12868--12886},
 title = {Highly {{Accurate First-Principles Benchmark Data Sets}} for the {{Parametrization}} and {{Validation}} of {{Density Functional}} and {{Other Approximate Methods}}. {{Derivation}} of a {{Robust}}, {{Generally Applicable}}, {{Double-Hybrid Functional}} for {{Thermochemistry}} and {{Thermochemical Kinetics}}},
 volume = {112},
 year = {2008}
}

@article{Karton-Martin.TCA.2006,
 author = {KARTON, AMIR and MARTIN, JAN M. L.},
 doi = {10.1007/s00214-005-0028-6},
 issn = {1432-881X, 1432-2234},
 journal = {Theor. Chem. Acc.},
 language = {en},
 month = {April},
 number = {4},
 pages = {330--333},
 title = {Comment on: “{Estimating} the {Hartree}-{Fock} limit from finite basis set calculations” [{Jensen} {F} (2005) {Theor} {Chem} {Acc} 113:267]},
 volume = {115},
 year = {2006}
}

@article{Kaupp-Preuss.JCP.1991,
 author = {KAUPP, M. and SCHLEYER, P. V. R. and STOLL, H. and PREUSS, H.},
 doi = {10.1063/1.459993},
 issn = {0021-9606, 1089-7690},
 journal = {J. Chem. Phys.},
 language = {en},
 month = {January},
 number = {2},
 pages = {1360--1366},
 title = {Pseudopotential approaches to {Ca}, {Sr}, and {Ba} hydrides. {Why} are some alkaline earth {MX\textsubscript{2}} compounds bent?},
 volume = {94},
 year = {1991}
}

@article{Keal-Tozer.JCP.2005,
 author = {KEAL, THOMAS W. and TOZER, DAVID J.},
 doi = {10.1063/1.2061227},
 issn = {0021-9606, 1089-7690},
 journal = {J. Chem. Phys.},
 langid = {english},
 month = {September},
 number = {12},
 pages = {121103},
 title = {Semiempirical Hybrid Functional with Improved Performance in an Extensive Chemical Assessment},
 volume = {123},
 year = {2005}
}

@article{Kempe-Regev.SJC.2006,
 author = {KEMPE, JULIA and KITAEV, ALEXEI and REGEV, ODED},
 doi = {10.1137/S0097539704445226},
 issn = {0097-5397, 1095-7111},
 journal = {SIAM J. Comput.},
 language = {en},
 month = {January},
 number = {5},
 pages = {1070--1097},
 title = {The {Complexity} of the {Local} {Hamiltonian} {Problem}},
 volume = {35},
 year = {2006}
}

@article{Kendall-Harrison.JCP.1992,
 author = {KENDALL, RICK A. and DUNNING, THOM H. and HARRISON, ROBERT J.},
 doi = {10.1063/1.462569},
 issn = {0021-9606, 1089-7690},
 journal = {J. Chem. Phys.},
 language = {en},
 month = {May},
 number = {9},
 pages = {6796--6806},
 title = {Electron affinities of the first‐row atoms revisited. {Systematic} basis sets and wave functions},
 volume = {96},
 year = {1992}
}

@article{Kepp-Kepp.S.2017,
 author = {KEPP, KASPER P.},
 doi = {10.1126/science.aam9364},
 journal = {Science},
 month = {May},
 number = {6337},
 pages = {496--496},
 title = {Comment on “{Density} functional theory is straying from the path toward the exact functional”},
 volume = {356},
 year = {2017}
}

@article{Kim-Burke.JCP.2014,
 author = {KIM, MIN-CHEOL and SIM, EUNJI and BURKE, KIERON},
 doi = {10.1063/1.4869189},
 issn = {0021-9606},
 journal = {J. Chem. Phys.},
 language = {en},
 month = {May},
 number = {18},
 title = {Ions in solution: {Density} corrected density functional theory ({DC}-{DFT})},
 volume = {140},
 year = {2014}
}

@article{Kirkpatrick-Cohen.S.2021,
 author = {KIRKPATRICK, JAMES and MCMORROW, BRENDAN and TURBAN, DAVID H. P. and GAUNT, ALEXANDER L. and SPENCER, JAMES S. and MATTHEWS, ALEXANDER G. D. G. and OBIKA, ANNETTE and THIRY, LOUIS and FORTUNATO, MEIRE and PFAU, DAVID and CASTELLANOS, LARA ROMÁN and PETERSEN, STIG and NELSON, ALEXANDER W. R. and KOHLI, PUSHMEET and MORI-SÁNCHEZ, PAULA and HASSABIS, DEMIS and COHEN, ARON J.},
 doi = {10.1126/science.abj6511},
 issn = {0036-8075, 1095-9203},
 journal = {Science},

 language = {en},
 month = {December},
 number = {6573},
 pages = {1385--1389},
 title = {Pushing the frontiers of density functionals by solving the fractional electron problem},
 volume = {374},
 year = {2021}
}

@article{Klopper-Kutzelnigg.JMST.1986,
 author = {KLOPPER, WIM and KUTZELNIGG, WERNER},
 doi = {10.1016/0166-1280(86)80068-9},
 issn = {01661280},
 journal = {J. Mol. Struct. THEOCHEM},
 language = {en},
 month = {February},
 pages = {339--356},
 title = {Gaussian basis sets and the nuclear cusp problem},
 volume = {135},
 year = {1986}
}

@article{Kohn-Kohn.PRB.1986,
 author = {KOHN, W.},
 doi = {10.1103/PhysRevB.33.4331},
 journal = {Phys. Rev. B},
 month = {March},
 number = {6},
 pages = {4331--4333},
 title = {Discontinuity of the exchange-correlation potential from a density-functional viewpoint},
 volume = {33},
 year = {1986}
}

@article{Kohn-Sham.PR.1965,
 author = {KOHN, W. and SHAM, L. J.},
 doi = {10.1103/PhysRev.140.A1133},
 issn = {0031-899X},
 journal = {Phys. Rev.},
 language = {en},
 month = {November},
 number = {4A},
 pages = {A1133--A1138},
 title = {Self-{Consistent} {Equations} {Including} {Exchange} and {Correlation} {Effects}},
 volume = {140},
 year = {1965}
}

@article{Korth-Korth.ACIE.2017,
 author = {KORTH, MARTIN},
 copyright = {© 2017 Wiley-VCH Verlag GmbH \& Co. KGaA, Weinheim},
 doi = {10.1002/anie.201701894},
 issn = {1521-3773},
 journal = {Angew. Chem. Int. Ed.},

 number = {20},
 pages = {5396--5398},
 title = {Density {Functional} {Theory}: {Not} {Quite} the {Right} {Answer} for the {Right} {Reason} {Yet}},
 volume = {56},
 year = {2017}
}

@article{Kozlowska-Bartkowiak.PCCP.2019,
 author = {KOZŁOWSKA, JUSTYNA and LIPKOWSKI, PAWEŁ and ROZTOCZYŃSKA, AGNIESZKA and BARTKOWIAK, WOJCIECH},
 doi = {10.1039/C9CP02714A},
 issn = {1463-9076, 1463-9084},
 journal = {Phys. Chem. Chem. Phys.},
 language = {en},
 number = {31},
 pages = {17253--17273},
 title = {{DFT} and spatial confinement: a benchmark study on the structural and electrical properties of hydrogen bonded complexes},
 volume = {21},
 year = {2019}
}

@article{Kozuch-Martin.JCC.2013,
 author = {KOZUCH, SEBASTIAN and MARTIN, JAN M. L.},
 doi = {10.1002/jcc.23391},
 issn = {01928651},
 journal = {J. Comput. Chem.},
 language = {en},
 month = {July},
 pages = {2327--2344},
 title = {Spin-component-scaled double hybrids: {An} extensive search for the best fifth-rung functionals blending {DFT} and perturbation theory},
 year = {2013}
}

@article{Krieger-Iafrate.PRA.1992,
 author = {KRIEGER, J. B. and LI, YAN and IAFRATE, G. J.},
 doi = {10.1103/PhysRevA.46.5453},
 issn = {1050-2947, 1094-1622},
 journal = {Phys. Rev. A},
 language = {en},
 month = {November},
 number = {9},
 pages = {5453--5458},
 title = {Systematic approximations to the optimized effective potential: {Application} to orbital-density-functional theory},
 volume = {46},
 year = {1992}
}

@article{Krukau-Scuseria.JCP.2006,
 author = {KRUKAU, ALIAKSANDR V. and VYDROV, OLEG A. and IZMAYLOV, ARTUR F. and SCUSERIA, GUSTAVO E.},
 doi = {10.1063/1.2404663},
 issn = {0021-9606, 1089-7690},
 journal = {J. Chem. Phys.},
 langid = {english},
 month = {December},
 number = {22},
 pages = {224106},
 title = {Influence of the Exchange Screening Parameter on the Performance of Screened Hybrid Functionals},
 volume = {125},
 year = {2006}
}

@article{Kutzelnigg-Morgan.JCP.1992,
 author = {KUTZELNIGG, WERNER and MORGAN, JOHN D.},
 doi = {10.1063/1.462811},
 issn = {0021-9606, 1089-7690},
 journal = {J. Chem. Phys.},
 language = {en},
 month = {March},
 number = {6},
 pages = {4484--4508},
 title = {Rates of convergence of the partial‐wave expansions of atomic correlation energies},
 volume = {96},
 year = {1992}
}

@article{Langreth-Perdew.PRB.1977,
 author = {LANGRETH, DAVID C. and PERDEW, JOHN P.},
 doi = {10.1103/PhysRevB.15.2884},
 issn = {0556-2805},
 journal = {Phys. Rev. B},
 language = {en},
 month = {March},
 number = {6},
 pages = {2884--2901},
 title = {Exchange-correlation energy of a metallic surface: {Wave}-vector analysis},
 volume = {15},
 year = {1977}
}

@article{Langreth-Perdew.SSC.1975,
 author = {LANGRETH, D.C. and PERDEW, J.P.},
 doi = {10.1016/0038-1098(75)90618-3},
 issn = {00381098},
 journal = {Solid State Commun.},
 language = {en},
 month = {December},
 number = {11},
 pages = {1425--1429},
 title = {The exchange-correlation energy of a metallic surface},
 volume = {17},
 year = {1975}
}

@article{Lee-Head-Gordon.JCTC.2018,
 author = {LEE, JOONHO and HEAD-GORDON, MARTIN},
 doi = {10.1021/acs.jctc.8b00731},
 issn = {1549-9618, 1549-9626},
 journal = {J. Chem. Theory Comput.},
 language = {en},
 month = {October},
 number = {10},
 pages = {5203--5219},
 title = {Regularized {Orbital}-{Optimized} {Second}-{Order} {Møller}-{Plesset} {Perturbation} {Theory}: {A} {Reliable} {Fifth}-{Order}-{Scaling} {Electron} {Correlation} {Model} with {Orbital} {Energy} {Dependent} {Regularizers}},
 volume = {14},
 year = {2018}
}

@article{Lee-Head-Gordon.JCTC.2020,
 author = {LEE, JOONHO and LIN, LIN and HEAD-GORDON, MARTIN},
 doi = {10.1021/acs.jctc.9b00820},
 issn = {1549-9618, 1549-9626},
 journal = {J. Chem. Theory Comput.},
 language = {en},
 month = {January},
 number = {1},
 pages = {243--263},
 title = {Systematically {Improvable} {Tensor} {Hypercontraction}: {Interpolative} {Separable} {Density}-{Fitting} for {Molecules} {Applied} to {Exact} {Exchange}, {Second}- and {Third}-{Order} {Møller}-{Plesset} {Perturbation} {Theory}},
 volume = {16},
 year = {2020}
}

@article{Lee-Parr.PRB.1988,
 author = {LEE, CHENGTEH and YANG, WEITAO and PARR, ROBERT G.},
 doi = {10.1103/PhysRevB.37.785},
 issn = {0163-1829},
 journal = {Phys. Rev. B},

 language = {en},
 month = {January},
 number = {2},
 pages = {785--789},
 title = {Development of the {Colle}-{Salvetti} correlation-energy formula into a functional of the electron density},
 volume = {37},
 year = {1988}
}

@article{Lee-Taylor.IJQC.1989,
 author = {LEE, TIMOTHY J. and TAYLOR, PETER R.},
 doi = {10.1002/qua.560360824},
 issn = {00207608, 1097461X},
 journal = {Int. J. Quantum Chem.},
 language = {en},
 number = {S23},
 pages = {199--207},
 title = {A diagnostic for determining the quality of single-reference electron correlation methods},
 volume = {36},
 year = {1989}
}

@article{Lehtola-Marques.S.2018,
 author = {LEHTOLA, SUSI and STEIGEMANN, CONRAD and OLIVEIRA, MICAEL J.T. and MARQUES, MIGUEL A.L.},
 doi = {10.1016/j.softx.2017.11.002},
 issn = {23527110},
 journal = {SoftwareX},
 language = {en},
 month = {January},
 pages = {1--5},
 title = {Recent developments in \textsc{libxc} -- {A} comprehensive library of functionals for density functional theory},
 volume = {7},
 year = {2018}
}

@article{Leininger-Bergner.CPL.1996,
 author = {LEININGER, THIERRY and NICKLASS, ANDREAS and KÜCHLE, WOLFGANG and STOLL, HERMANN and DOLG, MICHAEL and BERGNER, ANDREAS},
 doi = {10.1016/0009-2614(96)00382-X},
 issn = {00092614},
 journal = {Chem. Phys. Lett.},
 language = {en},
 month = {June},
 number = {4-6},
 pages = {274--280},
 title = {The accuracy of the pseudopotential approximation: non-frozen-core effects for spectroscopic constants of alkali fluorides {XF} ({X} = {K}, {Rb}, {Cs})},
 volume = {255},
 year = {1996}
}

@article{Levy-Levy.PNAS.1979,
 author = {LEVY, MEL},
 doi = {10.1073/pnas.76.12.6062},
 issn = {0027-8424, 1091-6490},
 journal = {Proc. Natl. Acad. Sci.},
 language = {en},
 month = {December},
 number = {12},
 pages = {6062--6065},
 title = {Universal variational functionals of electron densities, first-order density matrices, and natural spin-orbitals and solution of the \textit{v}-representability problem},
 volume = {76},
 year = {1979}
}

@article{Levy-Parr.JCP.1985,
 author = {LEVY, MEL and YANG, WEITAO and PARR, ROBERT G.},
 doi = {10.1063/1.449326},
 issn = {0021-9606, 1089-7690},
 journal = {J. Chem. Phys.},
 language = {en},
 month = {September},
 number = {5},
 pages = {2334--2336},
 title = {A new functional with homogeneous coordinate scaling in density functional theory: $F[\rho, \lambda]$},
 volume = {83},
 year = {1985}
}

@article{Levy-Perdew.PRA.1985,
 author = {LEVY, MEL and PERDEW, JOHN P.},
 doi = {10.1103/PhysRevA.32.2010},
 issn = {0556-2791},
 journal = {Phys. Rev. A},
 language = {en},
 month = {October},
 number = {4},
 pages = {2010--2021},
 title = {Hellmann-{Feynman}, virial, and scaling requisites for the exact universal density functionals. {Shape} of the correlation potential and diamagnetic susceptibility for atoms},
 volume = {32},
 year = {1985}
}

@article{Li-Xu.C.2022,
 author = {LI, CHUNCHUN and CHEN, ZHENG and HUANG, YIMING and ZHANG, YINGRUI and LI, XINYUAN and YE, ZIWEI and XU, XIN and BELL, STEVEN E.J. and XU, YIKAI},
 doi = {10.1016/j.chempr.2022.06.008},
 issn = {24519294},
 journal = {Chem},
 language = {en},
 month = {September},
 number = {9},
 pages = {2514--2528},
 title = {Uncovering strong π-metal interactions on {Ag} and {Au} nanosurfaces under ambient conditions via in-situ surface-enhanced {Raman} spectroscopy},
 volume = {8},
 year = {2022}
}

@article{Lieb-Lieb.IJQC.1983,
 author = {LIEB, ELLIOTT H.},
 doi = {10.1002/qua.560240302},
 issn = {0020-7608, 1097-461X},
 journal = {Int. J. Quantum Chem.},
 language = {en},
 month = {September},
 number = {3},
 pages = {243--277},
 title = {Density functionals for coulomb systems},
 volume = {24},
 year = {1983}
}

@article{Liu-Verstraete.PRL.2007,
 author = {LIU, YI-KAI and CHRISTANDL, MATTHIAS and VERSTRAETE, F.},
 doi = {10.1103/PhysRevLett.98.110503},
 journal = {Phys. Rev. Lett.},
 month = {March},
 number = {11},
 pages = {110503},
 title = {Quantum {Computational} {Complexity} of the ${N}$-{Representability} {Problem}: {QMA} {Complete}},
 volume = {98},
 year = {2007}
}

@article{Lu-Chen.JCC.2012,
 author = {LU, TIAN and CHEN, FEIWU},
 copyright = {Copyright © 2011 Wiley Periodicals, Inc.},
 doi = {10.1002/jcc.22885},
 issn = {1096-987X},
 journal = {J. Comput. Chem.},

 language = {en},
 number = {5},
 pages = {580--592},
 title = {Multiwfn: {A} multifunctional wavefunction analyzer},
 volume = {33},
 year = {2012}
}

@article{Lynch-Truhlar.JPCA.2000,
 author = {LYNCH, BENJAMIN J. and FAST, PATTON L. and HARRIS, MAEGAN and TRUHLAR, DONALD G.},
 doi = {10.1021/jp000497z},
 issn = {1089-5639, 1520-5215},
 journal = {J. Phys. Chem. A},
 langid = {english},
 month = {June},
 number = {21},
 pages = {4811--4815},
 title = {Adiabatic {{Connection}} for {{Kinetics}}},
 volume = {104},
 year = {2000}
}

@article{Ma-Li.SA.2022,
 author = {MA, HE and NARAYANASWAMY, ARUNACHALAM and RILEY, PATRICK and LI, LI},
 doi = {10.1126/sciadv.abq0279},
 issn = {2375-2548},
 journal = {Sci. Adv.},
 langid = {english},
 month = {September},
 number = {36},
 pages = {eabq0279},
 title = {Evolving Symbolic Density Functionals},
 volume = {8},
 year = {2022}
}

@book{Marder-Stucky.ACS.1991,
 address = {Washington, DC},
 doi = {10.1021/bk-1991-0455},
 editor = {Marder, Seth R. and Sohn, John E. and Stucky, Galen D.},
 isbn = {978-0-8412-1939-7 978-0-8412-1311-1},
 language = {en},
 month = {March},
 publisher = {American Chemical Society},
 series = {{ACS} {Symposium} {Series}},
 title = {Materials for {Nonlinear} {Optics}: {Chemical} {Perspectives}},
 url = {https://pubs.acs.org/doi/book/10.1021/bk-1991-0455},
 urldate = {2022-06-27},
 volume = {455},
 year = {1991}
}

@article{Mardirossian-Head-Gordon.JCP.2016,
 author = {MARDIROSSIAN, NARBE and {HEAD-GORDON}, MARTIN},
 doi = {10.1063/1.4952647},
 issn = {0021-9606, 1089-7690},
 journal = {J. Chem. Phys.},
 langid = {english},
 month = {June},
 number = {21},
 pages = {214110},
 title = {{{$\omega$B97M-V}}: {{A}} Combinatorially Optimized, Range-Separated Hybrid, Meta-{{GGA}} Density Functional with {{VV10}} Nonlocal Correlation},
 volume = {144},
 year = {2016}
}

@article{Mardirossian-Head-Gordon.JCP.2018,
 author = {MARDIROSSIAN, NARBE and HEAD-GORDON, MARTIN},
 doi = {10.1063/1.5025226},
 issn = {0021-9606, 1089-7690},
 journal = {J. Chem. Phys.},

 language = {en},
 month = {June},
 number = {24},
 pages = {241736},
 title = {Survival of the most transferable at the top of {Jacob}'s ladder: {Defining} and testing the $\omega${B97M}(2) double hybrid density functional},
 volume = {148},
 year = {2018}
}

@article{Mardirossian-Head-Gordon.PCCP.2014,
 author = {MARDIROSSIAN, NARBE and HEAD-GORDON, MARTIN},
 doi = {10.1039/c3cp54374a},
 issn = {1463-9076, 1463-9084},
 journal = {Phys. Chem. Chem. Phys.},

 language = {en},
 number = {21},
 pages = {9904},
 title = {$\omega${B97X}-{V}: {A} 10-parameter, range-separated hybrid, generalized gradient approximation density functional with nonlocal correlation, designed by a survival-of-the-fittest strategy},
 volume = {16},
 year = {2014}
}

@article{Marshall-Sherrill.JCP.2011,
 author = {MARSHALL, MICHAEL S. and BURNS, LORI A. and SHERRILL, C. DAVID},
 doi = {10.1063/1.3659142},
 issn = {0021-9606, 1089-7690},
 journal = {J. Chem. Phys.},
 language = {en},
 month = {November},
 number = {19},
 pages = {194102},
 title = {Basis set convergence of the coupled-cluster correction, $\delta_\text{MP2}^\text{CCSD(T)}$: {Best} practices for benchmarking non-covalent interactions and the attendant revision of the {S22}, {NBC10}, {HBC6}, and {HSG} databases},
 volume = {135},
 year = {2011}
}

@article{Martin-Martin.CPL.1996,
 author = {MARTIN, JAN M.L.},
 doi = {10.1016/0009-2614(96)00898-6},
 issn = {00092614},
 journal = {Chem. Phys. Lett.},
 language = {en},
 month = {September},
 number = {5-6},
 pages = {669--678},
 title = {Ab initio total atomization energies of small molecules -- towards the basis set limit},
 volume = {259},
 year = {1996}
}

@article{Martin-Oliveira.JCP.1999,
 author = {MARTIN, JAN M. L. and DE OLIVEIRA, GLÊNISSON},
 doi = {10.1063/1.479454},
 issn = {0021-9606, 1089-7690},
 journal = {J. Chem. Phys.},
 language = {en},
 month = {August},
 number = {5},
 pages = {1843--1856},
 title = {Towards standard methods for benchmark quality \textit{ab initio} thermochemistry—{W1} and {W2} theory},
 volume = {111},
 year = {1999}
}

@article{Mata-Suhm.ACIE.2017,
 author = {MATA, RICARDO A. and SUHM, MARTIN A.},
 doi = {10.1002/anie.201611308},
 issn = {14337851},
 journal = {Angew. Chem. Int. Ed.},
 language = {en},
 month = {September},
 number = {37},
 pages = {11011--11018},
 title = {Benchmarking {Quantum} {Chemical} {Methods}: {Are} {We} {Heading} in the {Right} {Direction}?},
 volume = {56},
 year = {2017}
}

@article{Matthews-Matthews.JCP.2021,
 author = {MATTHEWS, DEVIN A.},
 doi = {10.1063/5.0038764},
 issn = {0021-9606, 1089-7690},
 journal = {J. Chem. Phys.},
 language = {en},
 month = {April},
 number = {13},
 pages = {134102},
 title = {A critical analysis of least-squares tensor hypercontraction applied to {MP3}},
 volume = {154},
 year = {2021}
}

@article{Matthews-Matthews.JCTC.2020,
 author = {MATTHEWS, DEVIN A.},
 doi = {10.1021/acs.jctc.9b01205},
 issn = {1549-9618, 1549-9626},
 journal = {J. Chem. Theory Comput.},
 language = {en},
 month = {March},
 number = {3},
 pages = {1382--1385},
 title = {Improved {Grid} {Optimization} and {Fitting} in {Least} {Squares} {Tensor} {Hypercontraction}},
 volume = {16},
 year = {2020}
}

@article{Medvedev-Lyssenko.S.2017,
 author = {MEDVEDEV, MICHAEL G. and BUSHMARINOV, IVAN S. and SUN, JIANWEI and PERDEW, JOHN P. and LYSSENKO, KONSTANTIN A.},
 doi = {10.1126/science.aah5975},
 issn = {0036-8075, 1095-9203},
 journal = {Science},
 language = {en},
 month = {January},
 number = {6320},
 pages = {49--52},
 ranking = {rank5},
 title = {Density functional theory is straying from the path toward the exact functional},
 volume = {355},
 year = {2017}
}

@article{Mehta-Goerigk.PCCP.2018,
 author = {MEHTA, NISHA and CASANOVA-PÁEZ, MARCOS and GOERIGK, LARS},
 doi = {10.1039/C8CP03852J},
 issn = {1463-9076, 1463-9084},
 journal = {Phys. Chem. Chem. Phys.},
 language = {en},
 number = {36},
 pages = {23175--23194},
 title = {Semi-empirical or non-empirical double-hybrid density functionals: which are more robust?},
 volume = {20},
 year = {2018}
}

@article{Mester-Kallay.JCTC.2021,
 author = {MESTER, D{\'A}VID and K{\'A}LLAY, MIH{\'A}LY},
 doi = {10.1021/acs.jctc.0c01135},
 issn = {1549-9618, 1549-9626},
 journal = {J. Chem. Theory Comput.},
 langid = {english},
 month = {February},
 number = {2},
 pages = {927--942},
 title = {A {{Simple Range-Separated Double-Hybrid Density Functional Theory}} for {{Excited States}}},
 volume = {17},
 year = {2021}
}

@article{Metz-Dolg.JCP.2000,
 author = {METZ, BERNHARD and STOLL, HERMANN and DOLG, MICHAEL},
 doi = {10.1063/1.1305880},
 issn = {0021-9606, 1089-7690},
 journal = {J. Chem. Phys.},
 language = {en},
 month = {August},
 number = {7},
 pages = {2563--2569},
 title = {Small-core multiconfiguration-{Dirac}-{Hartree}-{Fock}-adjusted pseudopotentials for post-\textit{d} main group elements: {Application} to {PbH} and {PbO}},
 volume = {113},
 year = {2000}
}

@article{Metz-Liu.TCA.2000,
 author = {METZ, BERNHARD and SCHWEIZER, MARCUS and STOLL, HERMANN and DOLG, MICHAEL and LIU, WENJIAN},
 doi = {10.1007/s002149900101},
 issn = {1432-881X, 1432-2234},
 journal = {Theor. Chem. Acc.},
 month = {May},
 number = {1},
 pages = {22--28},
 title = {A small-core multiconfiguration {Dirac}-{Hartree}-{Fock}-adjusted pseudopotential for {Tl}-application to {Tl}{X} ({X} = {F}, {Cl}, {Br}, {I})},
 volume = {104},
 year = {2000}
}

@article{Mezei-Kallay.JCTC.2015,
 author = {MEZEI, PÁL D. and CSONKA, GÁBOR I. and RUZSINSZKY, ADRIENN and KÁLLAY, MIHÁLY},
 doi = {10.1021/acs.jctc.5b00420},
 issn = {1549-9618},
 journal = {J. Chem. Theory Comput.},
 month = {October},
 number = {10},
 pages = {4615--4626},
 title = {Construction and {Application} of a {New} {Dual}-{Hybrid} {Random} {Phase} {Approximation}},
 volume = {11},
 year = {2015}
}

@article{Miehlich-Preuss.CPL.1989,
 author = {MIEHLICH, BURKHARD and SAVIN, ANDREAS and STOLL, HERMANN and PREUSS, HEINZWERNER},
 doi = {10.1016/0009-2614(89)87234-3},
 issn = {00092614},
 journal = {Chem. Phys. Lett.},
 langid = {english},
 month = {May},
 number = {3},
 pages = {200--206},
 title = {Results Obtained with the Correlation Energy Density Functionals of Becke and {{Lee}}, {{Yang}} and {{Parr}}},
 volume = {157},
 year = {1989}
}

@article{Moeller-Plesset.PR.1934,
 author = {MØLLER, CHR. and PLESSET, M. S.},
 doi = {10.1103/PhysRev.46.618},
 issn = {0031-899X},
 journal = {Phys. Rev.},
 language = {en},
 month = {October},
 number = {7},
 pages = {618--622},
 title = {Note on an {Approximation} {Treatment} for {Many}-{Electron} {Systems}},
 volume = {46},
 year = {1934}
}

@article{Monten-Deleuze.MP.2011,
 author = {MONTEN, RUBEN and HAJGATÓ, BALÁZS and DELEUZE, MICHAEL S.},
 doi = {10.1080/00268976.2011.579580},
 issn = {0026-8976, 1362-3028},
 journal = {Mol. Phys.},
 language = {en},
 month = {October},
 number = {19},
 pages = {2317--2339},
 title = {Many-body calculations of molecular electric polarizabilities in asymptotically complete basis sets},
 volume = {109},
 year = {2011}
}

@article{Mori-Sanchez-Yang.JCP.2005,
 author = {MORI-SÁNCHEZ, PAULA and WU, QIN and YANG, WEITAO},
 doi = {10.1063/1.1904584},
 issn = {0021-9606, 1089-7690},
 journal = {J. Chem. Phys.},
 language = {en},
 month = {August},
 number = {6},
 pages = {062204},
 title = {Orbital-dependent correlation energy in density-functional theory based on a second-order perturbation approach: {Success} and failure},
 volume = {123},
 year = {2005}
}

@article{Neese-Becker.CP.2009,
 author = {NEESE, FRANK and WENNMOHS, FRANK and HANSEN, ANDREAS and BECKER, UTE},
 doi = {10.1016/j.chemphys.2008.10.036},
 issn = {03010104},
 journal = {Chem. Phys.},
 language = {en},
 month = {February},
 number = {1-3},
 pages = {98--109},
 title = {Efficient, approximate and parallel {Hartree}-{Fock} and hybrid {DFT} calculations. {A} `chain-of-spheres' algorithm for the {Hartree}-{Fock} exchange},
 volume = {356},
 year = {2009}
}

@article{Neese-Grimme.JCP.2007,
 author = {NEESE, FRANK and SCHWABE, TOBIAS and GRIMME, STEFAN},
 doi = {10.1063/1.2712433},
 issn = {0021-9606, 1089-7690},
 journal = {J. Chem. Phys.},
 language = {en},
 month = {March},
 number = {12},
 pages = {124115},
 title = {Analytic derivatives for perturbatively corrected “double hybrid” density functionals: {Theory}, implementation, and applications},
 volume = {126},
 year = {2007}
}

@article{Neese-Neese.WCMS.2012,
 author = {NEESE, FRANK},
 doi = {10.1002/wcms.81},
 issn = {1759-0876, 1759-0884},
 journal = {WIREs Comput. Mol. Sci.},
 language = {en},
 month = {January},
 number = {1},
 pages = {73--78},
 title = {The {ORCA} program system},
 volume = {2},
 year = {2012}
}

@article{Neese-Neese.WCMS.2018,
 author = {NEESE, FRANK},
 doi = {10.1002/wcms.1327},
 issn = {1759-0876, 1759-0884},
 journal = {WIREs Comput. Mol. Sci.},
 language = {en},
 month = {January},
 number = {1},
 title = {Software update: the {ORCA} program system, version 4.0},
 volume = {8},
 year = {2018}
}

@article{Neese-Neese.WCMS.2022,
 author = {NEESE, FRANK},
 doi = {10.1002/wcms.1606},
 issn = {1759-0876, 1759-0884},
 journal = {WIREs Comput. Mol. Sci.},
 language = {en},
 month = {September},
 number = {5},
 title = {Software update: {The} {ORCA} program system—{Version} 5.0},
 volume = {12},
 year = {2022}
}

@incollection{Nesbet-Nesbet.ACP.1965,
 author = {NESBET, R. K.},
 booktitle = {Advances in {Chemical} {Physics}},
 doi = {10.1002/9780470143551.ch4},
 editor = {Prigogine, I.},
 isbn = {978-0-470-14355-1},

 month = {January},
 pages = {321--363},
 publisher = {John Wiley \& Sons, Inc.},
 title = {Electronic {Correlation} in {Atoms} and {Molecules}},
 volume = {9},
 year = {1965}
}

@article{Nielsen-Schaefer.JCP.1997,
 author = {NIELSEN, IDA M. B. and ALLEN, WESLEY D. and CSÁSZÁR, ATTILA G. and SCHAEFER, HENRY F.},
 doi = {10.1063/1.474612},
 issn = {0021-9606, 1089-7690},
 journal = {J. Chem. Phys.},

 language = {en},
 month = {July},
 number = {4},
 pages = {1195--1211},
 title = {Toward resolution of the silicon dicarbide ({SiC}$_{\textrm{2}}$) saga: \textit{{Ab} initio} excursions in the web of polytopism},
 volume = {107},
 year = {1997}
}

@misc{NIST.Atomic,
 howpublished = {https://physics.nist.gov/PhysRefData/ASD/ionEnergy.html},
 title = {NIST Atomic Spectra Database Ionization Energies Form},
 url = {https://physics.nist.gov/PhysRefData/ASD/ionEnergy.html},
 urldate = {2017-05-18},
 year = {2017}
}

@misc{NIST.CCCBDB,
 howpublished = {http://cccbdb.nist.gov/},
 title = {NIST Computational Chemistry Comparison and Benchmark Database.},
 url = {http://cccbdb.nist.gov/},
 urldate = {2023-02-28},
 year = {2017}
}

@article{Nyden-Petersson.JCP.1981,
 author = {NYDEN, MARC R. and PETERSSON, G. A.},
 doi = {10.1063/1.442208},
 issn = {0021-9606, 1089-7690},
 journal = {J. Chem. Phys.},
 language = {en},
 month = {August},
 number = {4},
 pages = {1843--1862},
 title = {Complete basis set correlation energies. {I}. {The} asymptotic convergence of pair natural orbital expansions},
 volume = {75},
 year = {1981}
}

@article{Parrish-Sherrill.JCP.2012,
 author = {PARRISH, ROBERT M. and HOHENSTEIN, EDWARD G. and MARTÍNEZ, TODD J. and SHERRILL, C. DAVID},
 doi = {10.1063/1.4768233},
 issn = {0021-9606, 1089-7690},
 journal = {J. Chem. Phys.},
 language = {en},
 month = {December},
 number = {22},
 pages = {224106},
 title = {Tensor hypercontraction. {II}. {Least}-squares renormalization},
 volume = {137},
 year = {2012}
}

@article{Parthiban-Martin.JCP.2001,
 author = {PARTHIBAN, SRINIVASAN and MARTIN, JAN M. L.},
 doi = {10.1063/1.1356014},
 issn = {0021-9606, 1089-7690},
 journal = {J. Chem. Phys.},
 language = {en},
 month = {April},
 number = {14},
 pages = {6014--6029},
 title = {Assessment of {W1} and {W2} theories for the computation of electron affinities, ionization potentials, heats of formation, and proton affinities},
 volume = {114},
 year = {2001}
}

@article{Perdew-Balduz.PRL.1982,
 author = {PERDEW, JOHN P. and PARR, ROBERT G. and LEVY, MEL and BALDUZ, JOSE L.},
 doi = {10.1103/PhysRevLett.49.1691},
 issn = {0031-9007},
 journal = {Phys. Rev. Lett.},
 language = {en},
 month = {December},
 number = {23},
 pages = {1691--1694},
 title = {Density-{Functional} {Theory} for {Fractional} {Particle} {Number}: {Derivative} {Discontinuities} of the {Energy}},
 volume = {49},
 year = {1982}
}

@article{Perdew-Blaha.PRL.1999,
 author = {PERDEW, JOHN P. and KURTH, STEFAN and ZUPAN, ALE{\V S} and BLAHA, PETER},
 doi = {10.1103/PhysRevLett.82.2544},
 issn = {0031-9007, 1079-7114},
 journal = {Phys. Rev. Lett.},
 langid = {english},
 month = {March},
 number = {12},
 pages = {2544--2547},
 title = {Accurate {{Density Functional}} with {{Correct Formal Properties}}: {{A Step Beyond}} the {{Generalized Gradient Approximation}}},
 volume = {82},
 year = {1999}
}

@article{Perdew-Burke.PRL.2008,
 author = {PERDEW, JOHN P. and RUZSINSZKY, ADRIENN and CSONKA, G{\'A}BOR I. and VYDROV, OLEG A. and SCUSERIA, GUSTAVO E. and CONSTANTIN, LUCIAN A. and ZHOU, XIAOLAN and BURKE, KIERON},
 doi = {10.1103/PhysRevLett.100.136406},
 issn = {0031-9007, 1079-7114},
 journal = {Phys. Rev. Lett.},
 langid = {english},
 month = {April},
 number = {13},
 pages = {136406},
 title = {Restoring the {{Density-Gradient Expansion}} for {{Exchange}} in {{Solids}} and {{Surfaces}}},
 volume = {100},
 year = {2008}
}

@article{Perdew-Ernzerhof.PRL.1996,
 author = {PERDEW, JOHN P. and BURKE, KIERON and ERNZERHOF, MATTHIAS},
 doi = {10.1103/PhysRevLett.77.3865},
 issn = {0031-9007, 1079-7114},
 journal = {Phys. Rev. Lett.},

 language = {en},
 month = {October},
 number = {18},
 pages = {3865--3868},
 title = {Generalized {Gradient} {Approximation} {Made} {Simple}},
 volume = {77},
 year = {1996}
}

@article{Perdew-Ernzerhof.PRL.1997,
 author = {PERDEW, JOHN P. and BURKE, KIERON and ERNZERHOF, MATTHIAS},
 doi = {10.1103/PhysRevLett.78.1396},
 issn = {0031-9007, 1079-7114},
 journal = {Phys. Rev. Lett.},
 langid = {english},
 month = {February},
 number = {7},
 pages = {1396--1396},
 title = {Generalized {{Gradient Approximation Made Simple}} [{{Phys}}. {{Rev}}. {{Lett}}. 77, 3865 (1996)]},
 volume = {78},
 year = {1997}
}

@article{Perdew-Fiolhais.PRB.1992,
 author = {PERDEW, JOHN P. and CHEVARY, J. A. and VOSKO, S. H. and JACKSON, KOBLAR A. and PEDERSON, MARK R. and SINGH, D. J. and FIOLHAIS, CARLOS},
 doi = {10.1103/PhysRevB.46.6671},
 issn = {0163-1829, 1095-3795},
 journal = {Phys. Rev. B},

 language = {en},
 month = {September},
 number = {11},
 pages = {6671--6687},
 title = {Atoms, molecules, solids, and surfaces: {Applications} of the generalized gradient approximation for exchange and correlation},
 volume = {46},
 year = {1992}
}

@article{Perdew-Fiolhais.PRB.1993,
 author = {PERDEW, JOHN P. and CHEVARY, J. A. and VOSKO, S. H. and JACKSON, KOBLAR A. and PEDERSON, MARK R. and SINGH, D. J. and FIOLHAIS, CARLOS},
 doi = {10.1103/PhysRevB.48.4978.2},
 issn = {0163-1829, 1095-3795},
 journal = {Phys. Rev. B},
 langid = {english},
 month = {August},
 number = {7},
 pages = {4978--4978},
 title = {Erratum: {{Atoms}}, Molecules, Solids, and Surfaces: {{Applications}} of the Generalized Gradient Approximation for Exchange and Correlation},
 volume = {48},
 year = {1993}
}

@article{Perdew-Perdew.PRB.1986,
 author = {PERDEW, JOHN P.},
 doi = {10.1103/PhysRevB.33.8822},
 issn = {0163-1829},
 journal = {Phys. Rev. B},
 langid = {english},
 month = {June},
 number = {12},
 pages = {8822--8824},
 title = {Density-Functional Approximation for the Correlation Energy of the Inhomogeneous Electron Gas},
 volume = {33},
 year = {1986}
}

@article{Perdew-Schmidt.ACP.2001,
 author = {PERDEW, JOHN P. and SCHMIDT, KARLA},
 doi = {10.1063/1.1390175},
 journal = {AIP Conf. Proc.},
 number = {1},
 pages = {1--20},
 title = {Jacob's ladder of density functional approximations for the exchange-correlation energy},
 volume = {577},
 year = {2001}
}

@article{Perdew-Scuseria.JCP.2004,
 author = {PERDEW, JOHN P. and TAO, JIANMIN and STAROVEROV, VIKTOR N. and SCUSERIA, GUSTAVO E.},
 doi = {10.1063/1.1665298},
 issn = {0021-9606, 1089-7690},
 journal = {J. Chem. Phys.},

 language = {en},
 month = {April},
 number = {15},
 pages = {6898--6911},
 title = {Meta-generalized gradient approximation: {Explanation} of a realistic nonempirical density functional},
 volume = {120},
 year = {2004}
}

@article{Perdew-Scuseria.PRA.2007,
 author = {PERDEW, JOHN P. and RUZSINSZKY, ADRIENN and TAO, JIANMIN and CSONKA, G{\'A}BOR I. and SCUSERIA, GUSTAVO E.},
 doi = {10.1103/PhysRevA.76.042506},
 issn = {1050-2947, 1094-1622},
 journal = {Phys. Rev. A},
 langid = {english},
 month = {October},
 number = {4},
 pages = {042506},
 title = {One-Parameter Optimization of a Nonempirical Meta-Generalized-Gradient-Approximation for the Exchange-Correlation Energy},
 volume = {76},
 year = {2007}
}

@article{Perdew-Sun.PRL.2009,
 author = {PERDEW, JOHN P. and RUZSINSZKY, ADRIENN and CSONKA, G{\'A}BOR I. and CONSTANTIN, LUCIAN A. and SUN, JIANWEI},
 doi = {10.1103/PhysRevLett.103.026403},
 issn = {0031-9007, 1079-7114},
 journal = {Phys. Rev. Lett.},
 langid = {english},
 month = {July},
 number = {2},
 pages = {026403},
 title = {Workhorse {{Semilocal Density Functional}} for {{Condensed Matter Physics}} and {{Quantum Chemistry}}},
 volume = {103},
 year = {2009}
}

@article{Perdew-Sun.PRL.2011,
 author = {PERDEW, JOHN P. and RUZSINSZKY, ADRIENN and CSONKA, G{\'A}BOR I. and CONSTANTIN, LUCIAN A. and SUN, JIANWEI},
 doi = {10.1103/PhysRevLett.106.179902},
 issn = {0031-9007, 1079-7114},
 journal = {Phys. Rev. Lett.},
 langid = {english},
 month = {April},
 number = {17},
 pages = {179902},
 title = {Erratum: {{Workhorse Semilocal Density Functional}} for {{Condensed Matter Physics}} and {{Quantum Chemistry}} [{{Phys}}. {{Rev}}. {{Lett}}. {\textbf{103}} , 026403 (2009)]},
 volume = {106},
 year = {2011}
}

@article{Perdew-Zunger.PRB.1981,
 author = {PERDEW, J. P. and ZUNGER, ALEX},
 doi = {10.1103/PhysRevB.23.5048},
 issn = {0163-1829},
 journal = {Phys. Rev. B},
 langid = {english},
 month = {May},
 number = {10},
 pages = {5048--5079},
 title = {Self-Interaction Correction to Density-Functional Approximations for Many-Electron Systems},
 volume = {23},
 year = {1981}
}

@article{Perez-Jimenez-Ren.CS.2020,
 author = {PÉREZ-JIMÉNEZ, ANA ISABEL and LYU, DANYA and LU, ZHIXUAN and LIU, GUOKUN and REN, BIN},
 doi = {10.1039/D0SC00809E},
 issn = {2041-6520, 2041-6539},
 journal = {Chem. Sci.},
 language = {en},
 number = {18},
 pages = {4563--4577},
 title = {Surface-enhanced {Raman} spectroscopy: benefits, trade-offs and future developments},
 volume = {11},
 year = {2020}
}

@article{Peterson-Dolg.JCP.2003,
 author = {PETERSON, KIRK A. and FIGGEN, DETLEV and GOLL, ERICH and STOLL, HERMANN and DOLG, MICHAEL},
 doi = {10.1063/1.1622924},
 issn = {0021-9606, 1089-7690},
 journal = {J. Chem. Phys.},
 language = {en},
 month = {December},
 number = {21},
 pages = {11113--11123},
 title = {Systematically convergent basis sets with relativistic pseudopotentials. {II}. {Small}-core pseudopotentials and correlation consistent basis sets for the post-\textit{d} group 16-18 elements},
 volume = {119},
 year = {2003}
}

@article{Peterson-Dunning.JCP.1994,
 author = {PETERSON, KIRK A. and WOON, DAVID E. and DUNNING, THOM H.},
 doi = {10.1063/1.466884},
 issn = {0021-9606, 1089-7690},
 journal = {J. Chem. Phys.},
 language = {en},
 month = {May},
 number = {10},
 pages = {7410--7415},
 title = {Benchmark calculations with correlated molecular wave functions. {IV}. {The} classical barrier height of the {H}+{H}$_{\textrm{2}}$→{H}$_{\textrm{2}}$ +{H} reaction},
 volume = {100},
 year = {1994}
}

@article{Peterson-Dunning.JCP.2002,
 author = {PETERSON, KIRK A. and DUNNING, THOM H.},
 doi = {10.1063/1.1520138},
 issn = {0021-9606, 1089-7690},
 journal = {J. Chem. Phys.},
 language = {en},
 month = {December},
 number = {23},
 pages = {10548--10560},
 title = {Accurate correlation consistent basis sets for molecular core-valence correlation effects: {The} second row atoms {Al}-{Ar}, and the first row atoms {B}-{Ne} revisited},
 volume = {117},
 year = {2002}
}

@article{Petersson-Mantzaris.JCP.1988,
 author = {PETERSSON, G. A. and BENNETT, ANDREW and TENSFELDT, THOMAS G. and AL‐LAHAM, MOHAMMAD A. and SHIRLEY, WILLIAM A. and MANTZARIS, JOHN},
 doi = {10.1063/1.455064},
 issn = {0021-9606, 1089-7690},
 journal = {J. Chem. Phys.},
 language = {en},
 month = {August},
 number = {4},
 pages = {2193--2218},
 title = {A complete basis set model chemistry. {I}. {The} total energies of closed‐shell atoms and hydrides of the first‐row elements},
 volume = {89},
 year = {1988}
}

@article{Peverati-Truhlar.JCP.2011,
 author = {PEVERATI, ROBERTO and TRUHLAR, DONALD G.},
 doi = {10.1063/1.3663871},
 issn = {0021-9606, 1089-7690},
 journal = {J. Chem. Phys.},
 langid = {english},
 month = {November},
 number = {19},
 pages = {191102},
 title = {Communication: {{A}} Global Hybrid Generalized Gradient Approximation to the Exchange-Correlation Functional That Satisfies the Second-Order Density-Gradient Constraint and Has Broad Applicability in Chemistry},
 volume = {135},
 year = {2011}
}

@article{Peverati-Truhlar.JCTC.2012,
 author = {PEVERATI, ROBERTO and TRUHLAR, DONALD G.},
 doi = {10.1021/ct3002656},
 issn = {1549-9618, 1549-9626},
 journal = {J. Chem. Theory Comput.},
 langid = {english},
 month = {July},
 number = {7},
 pages = {2310--2319},
 title = {Exchange-{{Correlation Functional}} with {{Good Accuracy}} for {{Both Structural}} and {{Energetic Properties}} While {{Depending Only}} on the {{Density}} and {{Its Gradient}}},
 volume = {8},
 year = {2012}
}

@article{Peverati-Truhlar.JPCL.2011,
 author = {PEVERATI, ROBERTO and ZHAO, YAN and TRUHLAR, DONALD G.},
 doi = {10.1021/jz200616w},
 issn = {1948-7185, 1948-7185},
 journal = {J. Phys. Chem. Lett.},
 langid = {english},
 month = {August},
 number = {16},
 pages = {1991--1997},
 title = {Generalized {{Gradient Approximation That Recovers}} the {{Second-Order Density-Gradient Expansion}} with {{Optimized Across-the-Board Performance}}},
 volume = {2},
 year = {2011}
}

@article{Peverati-Truhlar.JPCL.2011a,
 author = {PEVERATI, ROBERTO and TRUHLAR, DONALD G.},
 doi = {10.1021/jz201170d},
 issn = {1948-7185, 1948-7185},
 journal = {J. Phys. Chem. Lett.},
 langid = {english},
 month = {November},
 number = {21},
 pages = {2810--2817},
 title = {Improving the {{Accuracy}} of {{Hybrid Meta-GGA Density Functionals}} by {{Range Separation}}},
 volume = {2},
 year = {2011}
}

@article{Peverati-Truhlar.JPCL.2012,
 author = {PEVERATI, ROBERTO and TRUHLAR, DONALD G.},
 doi = {10.1021/jz201525m},
 issn = {1948-7185, 1948-7185},
 journal = {J. Phys. Chem. Lett.},
 langid = {english},
 month = {January},
 number = {1},
 pages = {117--124},
 title = {M11-{{L}}: {{A Local Density Functional That Provides Improved Accuracy}} for {{Electronic Structure Calculations}} in {{Chemistry}} and {{Physics}}},
 volume = {3},
 year = {2012}
}

@article{Peverati-Truhlar.PCCP.2012,
 author = {PEVERATI, ROBERTO and TRUHLAR, DONALD G.},
 doi = {10.1039/c2cp42025b},
 issn = {1463-9076, 1463-9084},
 journal = {Phys. Chem. Chem. Phys.},
 langid = {english},
 number = {38},
 pages = {13171},
 title = {An Improved and Broadly Accurate Local Approximation to the Exchange-Correlation Density Functional: {{The MN12-L}} Functional for Electronic Structure Calculations in Chemistry and Physics},
 volume = {14},
 year = {2012}
}

@article{Peverati-Truhlar.PCCP.2012a,
 author = {PEVERATI, ROBERTO and TRUHLAR, DONALD G.},
 doi = {10.1039/c2cp42576a},
 issn = {1463-9076, 1463-9084},
 journal = {Phys. Chem. Chem. Phys.},
 langid = {english},
 number = {47},
 pages = {16187},
 title = {Screened-Exchange Density Functionals with Broad Accuracy for Chemistry and Solid-State Physics},
 volume = {14},
 year = {2012}
}

@article{Pople-Binkley.IJQC.1979,
 author = {POPLE, J. A. and KRISHNAN, R. and SCHLEGEL, H. B. and BINKLEY, J. S.},
 doi = {10.1002/qua.560160825},
 issn = {00207608, 1097461X},
 journal = {Int. J. Quantum Chem.},
 language = {en},
 number = {S13},
 pages = {225--241},
 title = {Derivative studies in {Hartree}-{Fock} and {Møller}-{Plesset} theories},
 volume = {16},
 year = {1979}
}

@article{Pople-Curtiss.JCP.1989,
 author = {POPLE, JOHN A. and HEAD‐GORDON, MARTIN and FOX, DOUGLAS J. and RAGHAVACHARI, KRISHNAN and CURTISS, LARRY A.},
 doi = {10.1063/1.456415},
 issn = {0021-9606, 1089-7690},
 journal = {J. Chem. Phys.},
 language = {en},
 month = {May},
 number = {10},
 pages = {5622--5629},
 title = {Gaussian‐1 theory: {A} general procedure for prediction of molecular energies},
 volume = {90},
 year = {1989}
}

@article{Pritchard-Windus.JCIM.2019,
 author = {PRITCHARD, BENJAMIN P. and ALTARAWY, DOAA and DIDIER, BRETT and GIBSON, TARA D. and WINDUS, THERESA L.},
 doi = {10.1021/acs.jcim.9b00725},
 issn = {1549-9596, 1549-960X},
 journal = {J. Chem. Inf. Model.},
 language = {en},
 month = {November},
 number = {11},
 pages = {4814--4820},
 title = {New {Basis} {Set} {Exchange}: {An} {Open}, {Up}-to-{Date} {Resource} for the {Molecular} {Sciences} {Community}},
 volume = {59},
 year = {2019}
}

@article{Pulay-Saeboe.TCA.1986,
 author = {PULAY, PETER and SAEBØ, SVEIN},
 doi = {10.1007/BF00526697},
 issn = {0040-5744, 1432-2234},
 journal = {Theoretica Chimica Acta},
 language = {en},
 month = {June},
 number = {5-6},
 pages = {357--368},
 title = {Orbital-invariant formulation and second-order gradient evaluation in {Møller}-{Plesset} perturbation theory},
 volume = {69},
 year = {1986}
}

@article{Raghavachari-Head-Gordon.CPL.1989,
 author = {RAGHAVACHARI, KRISHNAN and TRUCKS, GARY W. and POPLE, JOHN A. and HEAD-GORDON, MARTIN},
 doi = {10.1016/S0009-2614(89)87395-6},
 issn = {00092614},
 journal = {Chem. Phys. Lett.},
 language = {en},
 month = {May},
 number = {6},
 pages = {479--483},
 title = {A fifth-order perturbation comparison of electron correlation theories},
 volume = {157},
 year = {1989}
}

@article{Ramakrishnan-Lilienfeld.SD.2014,
 author = {RAMAKRISHNAN, RAGHUNATHAN and DRAL, PAVLO O. and RUPP, MATTHIAS and LILIENFELD, O. ANATOLE VON},
 doi = {10.1038/sdata.2014.22},
 journal = {Sci. Data},
 month = {August},
 pages = {140022},
 title = {Quantum chemistry structures and properties of 134 kilo molecules},
 volume = {1},
 year = {2014}
}

@article{Rappoport-Furche.JCP.2010,
 author = {RAPPOPORT, DMITRIJ and FURCHE, FILIPP},
 doi = {10.1063/1.3484283},
 issn = {0021-9606, 1089-7690},
 journal = {J. Chem. Phys.},
 language = {en},
 month = {October},
 number = {13},
 pages = {134105},
 title = {Property-optimized {Gaussian} basis sets for molecular response calculations},
 volume = {133},
 year = {2010}
}

@article{Reiher-ArturHess.TCA.2001,
 author = {REIHER, MARKUS and SALOMON, OLIVER and ARTUR HESS, BERND},
 doi = {10.1007/s00214-001-0300-3},
 issn = {1432-881X, 1432-2234},
 journal = {Theor. Chim. Acta},
 month = {December},
 number = {1},
 pages = {48--55},
 title = {Reparameterization of Hybrid Functionals Based on Energy Differences of States of Different Multiplicity},
 volume = {107},
 year = {2001}
}

@article{Riplinger-Neese.JCP.2013,
 author = {RIPLINGER, CHRISTOPH and NEESE, FRANK},
 doi = {10.1063/1.4773581},
 issn = {0021-9606, 1089-7690},
 journal = {J. Chem. Phys.},
 language = {en},
 month = {January},
 number = {3},
 pages = {034106},
 title = {An efficient and near linear scaling pair natural orbital based local coupled cluster method},
 volume = {138},
 year = {2013}
}

@article{Riplinger-Neese.JCP.2013a,
 author = {RIPLINGER, CHRISTOPH and SANDHOEFER, BARBARA and HANSEN, ANDREAS and NEESE, FRANK},
 doi = {10.1063/1.4821834},
 issn = {0021-9606, 1089-7690},
 journal = {J. Chem. Phys.},
 language = {en},
 month = {October},
 number = {13},
 pages = {134101},
 title = {Natural triple excitations in local coupled cluster calculations with pair natural orbitals},
 volume = {139},
 year = {2013}
}

@article{Roothaan-Roothaan.RMP.1951,
 author = {ROOTHAAN, C. C. J.},
 doi = {10.1103/RevModPhys.23.69},
 issn = {0034-6861},
 journal = {Rev. Mod. Phys.},
 language = {en},
 month = {April},
 number = {2},
 pages = {69--89},
 title = {New {Developments} in {Molecular} {Orbital} {Theory}},
 volume = {23},
 year = {1951}
}

@article{Ruddigkeit-Reymond.JCIM.2012,
 author = {RUDDIGKEIT, LARS and DEURSEN, RUUD VAN and BLUM, LORENZ C. and REYMOND, JEAN-LOUIS},
 doi = {10.1021/ci300415d},
 journal = {J. Chem. Inf. Model.},
 month = {November},
 number = {11},
 pages = {2864--2875},
 title = {Enumeration of 166 {Billion} {Organic} {Small} {Molecules} in the {Chemical} {Universe} {Database} {GDB}-17},
 volume = {52},
 year = {2012}
}

@book{Rumble-Rumble.CRC.2021,
 address = {Boca Raton London New York},
 edition = {102\textsuperscript{nd}},
 editor = {Rumble, John R.},
 isbn = {978-0-367-71260-0},
 language = {eng},
 publisher = {CRC Press},
 title = {{CRC} handbook of chemistry and physics},
 year = {2021}
}

@article{Sandler-Ho.JPCA.2021,
 author = {SANDLER, ISOLDE and CHEN, JUNBO and TAYLOR, MACKENZIE and SHARMA, SHALEEN and HO, JUNMING},
 doi = {10.1021/acs.jpca.0c11270},
 issn = {1089-5639, 1520-5215},
 journal = {J. Phys. Chem. A},
 language = {en},
 month = {February},
 number = {7},
 pages = {1553--1563},
 title = {Accuracy of {DLPNO}-{CCSD}({T}): {Effect} of {Basis} {Set} and {System} {Size}},
 volume = {125},
 year = {2021}
}

@article{Santra-Martin.JPCA.2019,
 author = {SANTRA, GOLOKESH and SYLVETSKY, NITAI and MARTIN, JAN M. L.},
 doi = {10.1021/acs.jpca.9b03157},
 issn = {1089-5639, 1520-5215},
 journal = {J. Phys. Chem. A},
 language = {en},
 month = {June},
 number = {24},
 pages = {5129--5143},
 title = {Minimally {Empirical} {Double}-{Hybrid} {Functionals} {Trained} against the {GMTKN55} {Database}: {revDSD}-{PBEP86}-{D4}, {revDOD}-{PBE}-{D4}, and {DOD}-{SCAN}-{D4}},
 volume = {123},
 year = {2019}
}

@article{Santra-Martin.JPCL.2021,
 author = {SANTRA, GOLOKESH and SEMIDALAS, EMMANOUIL and MARTIN, JAN M. L.},
 doi = {10.1021/acs.jpclett.1c02838},
 issn = {1948-7185, 1948-7185},
 journal = {J. Phys. Chem. Lett.},
 language = {en},
 month = {September},
 pages = {9368--9376},
 title = {Surprisingly {Good} {Performance} of {XYG3} {Family} {Functionals} {Using} a {Scaled} {KS}-{MP3} {Correlation}},
 year = {2021}
}

@article{Santra-Martin.JPCL.2022,
 author = {SANTRA, GOLOKESH and MARTIN, JAN M. L.},
 doi = {10.1021/acs.jpclett.2c00718},
 issn = {1948-7185, 1948-7185},
 journal = {J. Phys. Chem. Lett.},
 language = {en},
 month = {April},
 number = {15},
 pages = {3499--3506},
 title = {Do {Double}-{Hybrid} {Functionals} {Benefit} from {Regularization} in the {PT2} {Term}? {Observations} from an {Extensive} {Benchmark}},
 volume = {13},
 year = {2022}
}

@article{Savin-Flad.IJQC.1995,
 author = {SAVIN, ANDREAS and FLAD, HEINZ-J�RGEN},
 doi = {10.1002/qua.560560417},
 issn = {0020-7608, 1097-461X},
 journal = {Int. J. Quantum Chem.},
 language = {en},
 month = {November},
 number = {4},
 pages = {327--332},
 title = {Density functionals for the {Yukawa} electron-electron interaction},
 volume = {56},
 year = {1995}
}

@article{Schauperl-Gilson.CC.2020,
 author = {SCHAUPERL, MICHAEL and NERENBERG, PAUL S. and JANG, HYESU and WANG, LEE-PING and BAYLY, CHRISTOPHER I. and MOBLEY, DAVID L. and GILSON, MICHAEL K.},
 doi = {10.1038/s42004-020-0291-4},
 issn = {2399-3669},
 journal = {Commun. Chem.},
 language = {en},
 month = {April},
 number = {1},
 pages = {44},
 title = {Non-bonded force field model with advanced restrained electrostatic potential charges ({RESP2})},
 volume = {3},
 year = {2020}
}

@article{Schroedinger-Schroedinger.PR.1926,
 author = {SCHRÖDINGER, E.},
 doi = {10.1103/PhysRev.28.1049},
 journal = {Phys. Rev.},
 month = {December},
 number = {6},
 pages = {1049--1070},
 title = {An {Undulatory} {Theory} of the {Mechanics} of {Atoms} and {Molecules}},
 volume = {28},
 year = {1926}
}

@article{Schuch-Verstraete.NP.2009,
 author = {SCHUCH, NORBERT and VERSTRAETE, FRANK},
 doi = {10.1038/nphys1370},
 issn = {1745-2473, 1745-2481},
 journal = {Nat. Phys.},
 language = {en},
 month = {October},
 number = {10},
 pages = {732--735},
 title = {Computational complexity of interacting electrons and fundamental limitations of density functional theory},
 volume = {5},
 year = {2009}
}

@article{Schuchardt-Windus.JCIM.2007,
 author = {SCHUCHARDT, KAREN L. and DIDIER, BRETT T. and ELSETHAGEN, TODD and SUN, LISONG and GURUMOORTHI, VIDHYA and CHASE, JARED and LI, JUN and WINDUS, THERESA L.},
 doi = {10.1021/ci600510j},
 issn = {1549-9596, 1549-960X},
 journal = {J. Chem. Inf. Model.},
 language = {en},
 month = {May},
 number = {3},
 pages = {1045--1052},
 title = {Basis {Set} {Exchange}: {A} {Community} {Database} for {Computational} {Sciences}},
 volume = {47},
 year = {2007}
}

@Preprint{Schuett-Gastegger.arXiv.2021,
  archiveprefix = {arXiv},
  author        = {SCHÜTT, KRISTOF T. and UNKE, OLIVER T. and GASTEGGER, MICHAEL},
  eprint        = {2102.03150},

  month         = {June},
  note          = {arXiv:2102.03150 [physics]},
  publisher     = {arXiv},
  title         = {Equivariant message passing for the prediction of tensorial properties and molecular spectra},
  year          = {2021},
}

@article{Schuett-Mueller.JCP.2018,
 author = {SCHÜTT, K. T. and SAUCEDA, H. E. and KINDERMANS, P.-J. and TKATCHENKO, A. and MÜLLER, K.-R.},
 doi = {10.1063/1.5019779},
 journal = {J. Chem. Phys.},
 month = {June},
 number = {24},
 pages = {241722},
 title = {{SchNet} -- {A} deep learning architecture for molecules and materials},
 volume = {148},
 year = {2018}
}

@incollection{Schuett-Mueller.NIPS.2017,
 author = {SCHÜTT, KRISTOF and KINDERMANS, PIETER-JAN and SAUCEDA FELIX, HUZIEL ENOC and CHMIELA, STEFAN and TKATCHENKO, ALEXANDRE and MÜLLER, KLAUS-ROBERT},
 booktitle = {Advances in {Neural} {Information} {Processing} {Systems} 30},
 editor = {Guyon, I. and Luxburg, U. V. and Bengio, S. and Wallach, H. and Fergus, R. and Vishwanathan, S. and Garnett, R.},
 pages = {991--1001},
 publisher = {Curran Associates, Inc.},
 title = {{SchNet}: {A} continuous-filter convolutional neural network for modeling quantum interactions},
 year = {2017}
}

@article{Schultz-Truhlar.JPCA.2005,
 author = {SCHULTZ, NATHAN E. and ZHAO, YAN and TRUHLAR, DONALD G.},
 doi = {10.1021/jp0539223},
 issn = {1089-5639, 1520-5215},
 journal = {J. Phys. Chem. A},
 language = {en},
 month = {December},
 number = {49},
 pages = {11127--11143},
 title = {Density {Functionals} for {Inorganometallic} and {Organometallic} {Chemistry}},
 volume = {109},
 year = {2005}
}

@article{Schwabe-Grimme.PCCP.2006,
 author = {SCHWABE, TOBIAS and GRIMME, STEFAN},
 doi = {10.1039/b608478h},
 issn = {1463-9076, 1463-9084},
 journal = {Phys. Chem. Chem. Phys.},
 langid = {english},
 number = {38},
 pages = {4398},
 title = {Towards Chemical Accuracy for the Thermodynamics of Large Molecules: New Hybrid Density Functionals Including Non-Local Correlation Effects},
 volume = {8},
 year = {2006}
}

@article{Seidl-Gori-Giorgi.JCP.2018,
 author = {SEIDL, MICHAEL and GIARRUSSO, SARA and VUCKOVIC, STEFAN and FABIANO, EDUARDO and GORI-GIORGI, PAOLA},
 doi = {10.1063/1.5078565},
 issn = {0021-9606, 1089-7690},
 journal = {J. Chem. Phys.},
 language = {en},
 month = {December},
 number = {24},
 pages = {241101},
 title = {Communication: {Strong}-interaction limit of an adiabatic connection in {Hartree}-{Fock} theory},
 volume = {149},
 year = {2018}
}

@article{Seidl-Levy.PRA.1999,
 author = {SEIDL, MICHAEL and PERDEW, JOHN P. and LEVY, MEL},
 doi = {10.1103/PhysRevA.59.51},
 issn = {1050-2947, 1094-1622},
 journal = {Phys. Rev. A},
 language = {en},
 month = {January},
 number = {1},
 pages = {51--54},
 title = {Strictly correlated electrons in density-functional theory},
 volume = {59},
 year = {1999}
}

@article{Shao-Head-Gordon.MP.2015,
 author = {SHAO, YIHAN and GAN, ZHENGTING and EPIFANOVSKY, EVGENY and GILBERT, ANDREW T.B. and WORMIT, MICHAEL and KUSSMANN, JOERG and LANGE, ADRIAN W. and BEHN, ANDREW and DENG, JIA and FENG, XINTIAN and GHOSH, DEBASHREE and GOLDEY, MATTHEW and HORN, PAUL R. and JACOBSON, LEIF D. and KALIMAN, ILYA and KHALIULLIN, RUSTAM Z. and KUŚ, TOMASZ and LANDAU, ARIE and LIU, JIE and PROYNOV, EMIL I. and RHEE, YOUNG MIN and RICHARD, RYAN M. and ROHRDANZ, MARY A. and STEELE, RYAN P. and SUNDSTROM, ERIC J. and WOODCOCK, H. LEE and ZIMMERMAN, PAUL M. and ZUEV, DMITRY and ALBRECHT, BEN and ALGUIRE, ETHAN and AUSTIN, BRIAN and BERAN, GREGORY J. O. and BERNARD, YVES A. and BERQUIST, ERIC and BRANDHORST, KAI and BRAVAYA, KSENIA B. and BROWN, SHAWN T. and CASANOVA, DAVID and CHANG, CHUN-MIN and CHEN, YUNQING and CHIEN, SIU HUNG and CLOSSER, KRISTINA D. and CRITTENDEN, DEBORAH L. and DIEDENHOFEN, MICHAEL and DISTASIO, ROBERT A. and DO, HAINAM and DUTOI, ANTHONY D. and EDGAR, RICHARD G. and FATEHI, SHERVIN and FUSTI-MOLNAR, LASZLO and GHYSELS, AN and GOLUBEVA-ZADOROZHNAYA, ANNA and GOMES, JOSEPH and HANSON-HEINE, MAGNUS W.D. and HARBACH, PHILIPP H.P. and HAUSER, ANDREAS W. and HOHENSTEIN, EDWARD G. and HOLDEN, ZACHARY C. and JAGAU, THOMAS-C. and JI, HYUNJUN and KADUK, BENJAMIN and KHISTYAEV, KIRILL and KIM, JAEHOON and KIM, JIHAN and KING, ROLLIN A. and KLUNZINGER, PHIL and KOSENKOV, DMYTRO and KOWALCZYK, TIM and KRAUTER, CAROLINE M. and LAO, KA UN and LAURENT, ADÈLE D. and LAWLER, KEITH V. and LEVCHENKO, SERGEY V. and LIN, CHING YEH and LIU, FENGLAI and LIVSHITS, ESTER and LOCHAN, ROHINI C. and LUENSER, ARNE and MANOHAR, PRASHANT and MANZER, SAMUEL F. and MAO, SHAN-PING and MARDIROSSIAN, NARBE and MARENICH, ALEKSANDR V. and MAURER, SIMON A. and MAYHALL, NICHOLAS J. and NEUSCAMMAN, ERIC and OANA, C. MELANIA and OLIVARES-AMAYA, ROBERTO and O’NEILL, DARRAGH P. and PARKHILL, JOHN A. and PERRINE, TRILISA M. and PEVERATI, ROBERTO and PROCIUK, ALEXANDER and REHN, DIRK R. and ROSTA, EDINA and RUSS, NICHOLAS J. and SHARADA, SHAAMA M. and SHARMA, SANDEEP and SMALL, DAVID W. and SODT, ALEXANDER and STEIN, TAMAR and STÜCK, DAVID and SU, YU-CHUAN and THOM, ALEX J.W. and TSUCHIMOCHI, TAKASHI and VANOVSCHI, VITALII and VOGT, LESLIE and VYDROV, OLEG and WANG, TAO and WATSON, MARK A. and WENZEL, JAN and WHITE, ALEC and WILLIAMS, CHRISTOPHER F. and YANG, JUN and YEGANEH, SINA and YOST, SHANE R. and YOU, ZHI-QIANG and ZHANG, IGOR YING and ZHANG, XING and ZHAO, YAN and BROOKS, BERNARD R. and CHAN, GARNET K.L. and CHIPMAN, DANIEL M. and CRAMER, CHRISTOPHER J. and GODDARD, WILLIAM A. and GORDON, MARK S. and HEHRE, WARREN J. and KLAMT, ANDREAS and SCHAEFER, HENRY F. and SCHMIDT, MICHAEL W. and SHERRILL, C. DAVID and TRUHLAR, DONALD G. and WARSHEL, ARIEH and XU, XIN and ASPURU-GUZIK, ALÁN and BAER, ROI and BELL, ALEXIS T. and BESLEY, NICHOLAS A. and CHAI, JENG-DA and DREUW, ANDREAS and DUNIETZ, BARRY D. and FURLANI, THOMAS R. and GWALTNEY, STEVEN R. and HSU, CHAO-PING and JUNG, YOUSUNG and KONG, JING and LAMBRECHT, DANIEL S. and LIANG, WANZHEN and OCHSENFELD, CHRISTIAN and RASSOLOV, VITALY A. and SLIPCHENKO, LYUDMILA V. and SUBOTNIK, JOSEPH E. and VAN VOORHIS, TROY and HERBERT, JOHN M. and KRYLOV, ANNA I. and GILL, PETER M.W. and HEAD-GORDON, MARTIN},
 doi = {10.1080/00268976.2014.952696},
 issn = {0026-8976, 1362-3028},
 journal = {Mol. Phys.},
 language = {en},
 month = {January},
 number = {2},
 pages = {184--215},
 title = {Advances in molecular quantum chemistry contained in the {Q}-{Chem} 4 program package},
 volume = {113},
 year = {2015}
}

@article{Sharkas-Savin.JCP.2011,
 author = {SHARKAS, KAMAL and TOULOUSE, JULIEN and SAVIN, ANDREAS},
 doi = {10.1063/1.3544215},
 issn = {0021-9606, 1089-7690},
 journal = {J. Chem. Phys.},
 language = {en},
 month = {February},
 number = {6},
 pages = {064113},
 title = {Double-hybrid density-functional theory made rigorous},
 volume = {134},
 year = {2011}
}

@book{Shavitt-Bartlett.Cambridge.2009,
 author = {SHAVITT, ISAIAH and BARTLETT, RODNEY J.},
 doi = {10.1017/cbo9780511596834},
 publisher = {Cambridge University Press},
 title = {Many-{Body} {Methods} in {Chemistry} and {Physics}: {MBPT} and {Coupled}-{Cluster} {Theory}},
 year = {2009}
}

@article{Shen-Scheffler.JCTC.2019,
 author = {SHEN, TONGHAO and ZHU, ZHENYU and ZHANG, IGOR YING and SCHEFFLER, MATTHIAS},
 copyright = {All rights reserved},
 doi = {10.1021/acs.jctc.8b01294},
 issn = {1549-9618, 1549-9626},
 journal = {J. Chem. Theory Comput.},
 language = {en},
 month = {September},
 number = {9},
 pages = {4721--4734},
 title = {Massive-{Parallel} {Implementation} of the {Resolution}-of-{Identity} {Coupled}-{Cluster} {Approaches} in the {Numeric} {Atom}-{Centered} {Orbital} {Framework} for {Molecular} {Systems}},
 volume = {15},
 year = {2019}
}

@incollection{Sinanoǧlu-Sinanoǧlu.ACP.1964,
 author = {SINANOǦLU, OKTAY},
 booktitle = {Advances in {Chemical} {Physics}},
 doi = {10.1002/9780470143520.ch7},
 editor = {Prigogine, I.},
 isbn = {978-0-470-14352-0},

 month = {January},
 pages = {315--412},
 publisher = {John Wiley \& Sons, Inc.},
 title = {Many-{Electron} {Theory} of {Atoms}, {Molecules} and {Their} {Interactions}},
 volume = {6},
 year = {1964}
}

@article{Si̇nanoglu-Si̇nanoglu.JCP.1962,
 author = {SİNANOĞLU, OKTAY},
 doi = {10.1063/1.1732596},
 journal = {J. Chem. Phys.},
 number = {3},
 pages = {706--717},
 title = {Many‐{Electron} {Theory} of {Atoms} and {Molecules}. {I}. {Shells}, {Electron} {Pairs} vs {Many}‐{Electron} {Correlations}},
 volume = {36},
 year = {1962}
}

@article{Slater-Slater.PR.1951,
 author = {SLATER, J. C.},
 doi = {10.1103/PhysRev.81.385},
 issn = {0031-899X},
 journal = {Phys. Rev.},
 language = {en},
 month = {February},
 number = {3},
 pages = {385--390},
 title = {A {Simplification} of the {Hartree}-{Fock} {Method}},
 volume = {81},
 year = {1951}
}

@article{Smith-Sherrill.JPCL.2016,
 author = {SMITH, DANIEL G. A. and BURNS, LORI A. and PATKOWSKI, KONRAD and SHERRILL, C. DAVID},
 doi = {10.1021/acs.jpclett.6b00780},
 issn = {1948-7185, 1948-7185},
 journal = {J. Phys. Chem. Lett.},

 language = {en},
 month = {June},
 number = {12},
 pages = {2197--2203},
 title = {Revised {Damping} {Parameters} for the {D3} {Dispersion} {Correction} to {Density} {Functional} {Theory}},
 volume = {7},
 year = {2016}
}

@article{Sparrow-DiStasio.JPCL.2022,
 author = {SPARROW, ZACHARY M. and ERNST, BRIAN G. and QUADY, TRINE K. and DISTASIO, ROBERT A.},
 doi = {10.1021/acs.jpclett.2c00643},
 issn = {1948-7185, 1948-7185},
 journal = {J. Phys. Chem. Lett.},
 langid = {english},
 month = {August},
 number = {30},
 pages = {6896--6904},
 title = {Uniting {{Nonempirical}} and {{Empirical Density Functional Approximation Strategies Using Constraint-Based Regularization}}},
 volume = {13},
 year = {2022}
}

@article{Stanton-Bartlett.CPL.1992,
 author = {STANTON, JOHN F. and GAUSS, JÜRGEN and BARTLETT, RODNEY J.},
 doi = {10.1016/0009-2614(92)86135-5},
 issn = {00092614},
 journal = {Chem. Phys. Lett.},
 language = {en},
 month = {July},
 number = {2-3},
 pages = {194--199},
 title = {Analytic evaluation of second derivatives using second-order many-body perturbation theory and unrestricted {Hartree}-{Fock} reference functions},
 volume = {195},
 year = {1992}
}

@article{Staroverov-Perdew.JCP.2003,
 author = {STAROVEROV, VIKTOR N. and SCUSERIA, GUSTAVO E. and TAO, JIANMIN and PERDEW, JOHN P.},
 doi = {10.1063/1.1626543},
 issn = {0021-9606, 1089-7690},
 journal = {J. Chem. Phys.},
 langid = {english},
 month = {December},
 number = {23},
 pages = {12129--12137},
 title = {Comparative Assessment of a New Nonempirical Density Functional: {{Molecules}} and Hydrogen-Bonded Complexes},
 volume = {119},
 year = {2003}
}

@article{Stephens-Frisch.JPC.1994,
 author = {STEPHENS, P. J. and DEVLIN, F. J. and CHABALOWSKI, C. F. and FRISCH, M. J.},
 doi = {10.1021/j100096a001},
 issn = {0022-3654, 1541-5740},
 journal = {J. Phys. Chem.},

 language = {en},
 month = {November},
 number = {45},
 pages = {11623--11627},
 title = {Ab {Initio} {Calculation} of {Vibrational} {Absorption} and {Circular} {Dichroism} {Spectra} {Using} {Density} {Functional} {Force} {Fields}},
 volume = {98},
 year = {1994}
}

@article{Stewart-Gill.JCSFT.1995,
 author = {STEWART, PHILLIP A. and GILL, PETER M. W.},
 doi = {10.1039/FT9959104337},
 issn = {0956-5000, 1364-5455},
 journal = {J. Chem. Soc., Faraday Trans.},
 langid = {english},
 number = {24},
 pages = {4337--4341},
 title = {Becke-{{Wigner}} : A Simple but Powerful Density Functional},
 volume = {91},
 year = {1995}
}

@article{Stoychev-Neese.JCTC.2017,
 author = {STOYCHEV, GEORGI L. and AUER, ALEXANDER A. and NEESE, FRANK},
 doi = {10.1021/acs.jctc.6b01041},
 issn = {1549-9618, 1549-9626},
 journal = {J. Chem. Theory Comput.},
 language = {en},
 month = {February},
 number = {2},
 pages = {554--562},
 title = {Automatic {Generation} of {Auxiliary} {Basis} {Sets}},
 volume = {13},
 year = {2017}
}

@article{Stoychev-Neese.JCTC.2018,
 author = {STOYCHEV, GEORGI L. and AUER, ALEXANDER A. and NEESE, FRANK},
 doi = {10.1021/acs.jctc.8b00624},
 issn = {1549-9618, 1549-9626},
 journal = {J. Chem. Theory Comput.},
 language = {en},
 month = {September},
 number = {9},
 pages = {4756--4771},
 title = {Efficient and {Accurate} {Prediction} of {Nuclear} {Magnetic} {Resonance} {Shielding} {Tensors} with {Double}-{Hybrid} {Density} {Functional} {Theory}},
 volume = {14},
 year = {2018}
}

@article{Su-Xu.ARPC.2017,
 author = {SU, NEIL QIANG and XU, XIN},
 doi = {10.1146/annurev-physchem-052516-044835},
 journal = {Annu. Rev. Phys. Chem.},
 month = {May},
 number = {1},
 pages = {155--182},
 title = {Development of {New} {Density} {Functional} {Approximations}},
 volume = {68},
 year = {2017}
}

@article{Su-Xu.IJQC.2015,
 author = {SU, NEIL QIANG and XU, XIN},
 copyright = {© 2014 Wiley Periodicals, Inc.},
 doi = {10.1002/qua.24849},
 issn = {1097-461X},
 journal = {Int. J. Quantum Chem.},

 language = {en},
 number = {10},
 pages = {589--595},
 title = {Toward the construction of parameter-free doubly hybrid density functionals},
 volume = {115},
 year = {2015}
}

@article{Su-Xu.JCC.2013,
 author = {SU, NEIL QIANG and ZHANG, IGOR YING and XU, XIN},
 doi = {10.1002/jcc.23312},
 issn = {01928651},
 journal = {J. Comput. Chem.},

 language = {en},
 month = {July},
 number = {20},
 pages = {1759--1774},
 title = {Analytic derivatives for the {XYG3} type of doubly hybrid density functionals: {Theory}, implementation, and assessment},
 volume = {34},
 year = {2013}
}

@article{Su-Xu.JCP.2014,
 author = {SU, NEIL QIANG and XU, XIN},
 doi = {10.1063/1.4866457},
 issn = {0021-9606, 1089-7690},
 journal = {J. Chem. Phys.},
 language = {en},
 month = {May},
 number = {18},
 pages = {18A512},
 title = {Construction of a parameter-free doubly hybrid density functional from adiabatic connection},
 volume = {140},
 year = {2014}
}

@article{Su-Xu.MP.2016,
 author = {SU, NEIL QIANG and XU, XIN},
 doi = {10.1080/00268976.2015.1129462},
 issn = {0026-8976},
 journal = {Mol. Phys.},

 month = {April},
 number = {7-8},
 pages = {1207--1217},
 title = {A comparative study of the {xDH}-{PBE0} and {DSD}-{PBEPBE}-{D3BJ} doubly hybrid density functionals},
 volume = {114},
 year = {2016}
}

@article{Su-Xu.PNAS.2018,
 author = {SU, NEIL QIANG and ZHU, ZHENYU and XU, XIN},
 copyright = {All rights reserved},
 doi = {10.1073/pnas.1713047115},
 issn = {0027-8424, 1091-6490},
 journal = {Proc. Natl. Acad. Sci.},
 language = {en},
 month = {March},
 number = {10},
 pages = {2287--2292},
 title = {Doubly hybrid density functionals that correctly describe both density and energy for atoms},
 volume = {115},
 year = {2018}
}

@article{Su-Xu.SCC.2013,
 author = {SU, NEIL QIANG and XU, XIN},
 doi = {10.1360/032013-258},
 issn = {1674-7224},
 journal = {Sci. China Chem.},
 language = {en},
 month = {December},
 number = {12},
 pages = {1761--1779},
 title = {Recent progress of the {XYG3} type of doubly hybrid functionals: {From} energy calculations to analytic geometry optimizations},
 volume = {43},
 year = {2013}
}

@article{Su-Xu.WCMS.2016,
 author = {SU, NEIL QIANG and XU, XIN},
 doi = {10.1002/wcms.1274},
 issn = {17590876},
 journal = {WIREs Comput. Mol. Sci.},
 language = {en},
 month = {November},
 number = {6},
 pages = {721--747},
 title = {The {XYG3} type of doubly hybrid density functionals},
 volume = {6},
 year = {2016}
}

@Article{Sun-Chan.JCP.2020,
  author   = {SUN, QIMING and ZHANG, XING and BANERJEE, SAMRAGNI and BAO, PENG and BARBRY, MARC and BLUNT, NICK S. and BOGDANOV, NIKOLAY A. and BOOTH, GEORGE H. and CHEN, JIA and CUI, ZHI-HAO and ERIKSEN, JANUS J. and GAO, YANG and GUO, SHENG and HERMANN, JAN and HERMES, MATTHEW R. and KOH, KEVIN and KOVAL, PETER and LEHTOLA, SUSI and LI, ZHENDONG and LIU, JUNZI and MARDIROSSIAN, NARBE and MCCLAIN, JAMES D. and MOTTA, MARIO and MUSSARD, BASTIEN and PHAM, HUNG Q. and PULKIN, ARTEM and PURWANTO, WIRAWAN and ROBINSON, PAUL J. and RONCA, ENRICO and SAYFUTYAROVA, ELVIRA R. and SCHEURER, MAXIMILIAN and SCHURKUS, HENRY F. and SMITH, JAMES E. T. and SUN, CHONG and SUN, SHI-NING and UPADHYAY, SHIV and WAGNER, LUCAS K. and WANG, XIAO and WHITE, ALEC and WHITFIELD, JAMES DANIEL and WILLIAMSON, MARK J. and WOUTERS, SEBASTIAN and YANG, JUN and YU, JASON M. and ZHU, TIANYU and BERKELBACH, TIMOTHY C. and SHARMA, SANDEEP and SOKOLOV, ALEXANDER YU. and CHAN, GARNET KIN-LIC},
  journal  = {J. Chem. Phys.},
  title    = {Recent developments in the \textsc{PySCF} program package},
  year     = {2020},
  issn     = {0021-9606, 1089-7690},
  month    = {July},
  number   = {2},
  pages    = {024109},
  volume   = {153},
  doi      = {10.1063/5.0006074},
  language = {en},
}

@Article{Sun-Chan.WCMS.2018,
  author   = {SUN, QIMING and BERKELBACH, TIMOTHY C. and BLUNT, NICK S. and BOOTH, GEORGE H. and GUO, SHENG and LI, ZHENDONG and LIU, JUNZI and MCCLAIN, JAMES D. and SAYFUTYAROVA, ELVIRA R. and SHARMA, SANDEEP and WOUTERS, SEBASTIAN and CHAN, GARNET KIN‐LIC},
  journal  = {WIREs Comput. Mol. Sci.},
  title    = {\textsc{PySCF}: the {Python}‐based simulations of chemistry framework},
  year     = {2018},
  issn     = {1759-0876, 1759-0884},
  month    = {January},
  number   = {1},
  volume   = {8},
  doi      = {10.1002/wcms.1340},
  language = {en},
}

@article{Sun-Perdew.JCP.2013,
 author = {SUN, JIANWEI and HAUNSCHILD, ROBIN and XIAO, BING and BULIK, IRENEUSZ W. and SCUSERIA, GUSTAVO E. and PERDEW, JOHN P.},
 doi = {10.1063/1.4789414},
 issn = {0021-9606, 1089-7690},
 journal = {J. Chem. Phys.},
 langid = {english},
 month = {January},
 number = {4},
 pages = {044113},
 title = {Semilocal and Hybrid Meta-Generalized Gradient Approximations Based on the Understanding of the Kinetic-Energy-Density Dependence},
 volume = {138},
 year = {2013}
}

@article{Sun-Perdew.PRL.2015,
 author = {SUN, JIANWEI and RUZSINSZKY, ADRIENN and PERDEW, JOHN P.},
 doi = {10.1103/PhysRevLett.115.036402},
 issn = {0031-9007, 1079-7114},
 journal = {Phys. Rev. Lett.},

 language = {en},
 month = {July},
 number = {3},
 pages = {036402},
 title = {Strongly {Constrained} and {Appropriately} {Normed} {Semilocal} {Density} {Functional}},
 volume = {115},
 year = {2015}
}

@article{Sun-Ruzsinszky.JCP.2012,
 author = {SUN, JIANWEI and XIAO, BING and RUZSINSZKY, ADRIENN},
 doi = {10.1063/1.4742312},
 issn = {0021-9606, 1089-7690},
 journal = {J. Chem. Phys.},
 langid = {english},
 month = {August},
 number = {5},
 pages = {051101},
 title = {Communication: {{Effect}} of the Orbital-Overlap Dependence in the Meta Generalized Gradient Approximation},
 volume = {137},
 year = {2012}
}

@article{Sun-Ruzsinszky.PNAS.2015,
 author = {SUN, JIANWEI and PERDEW, JOHN P. and RUZSINSZKY, ADRIENN},
 doi = {10.1073/pnas.1423145112},
 issn = {0027-8424, 1091-6490},
 journal = {Proc. Natl. Acad. Sci.},
 langid = {english},
 month = {January},
 number = {3},
 pages = {685--689},
 title = {Semilocal Density Functional Obeying a Strongly Tightened Bound for Exchange},
 volume = {112},
 year = {2015}
}

@article{Sun-Xu.JCP.2013,
 author = {SUN, MENG and ZHANG, IGOR YING and WU, ANAN and XU, XIN},
 doi = {10.1063/1.4796485},
 issn = {0021-9606, 1089-7690},
 journal = {J. Chem. Phys.},
 language = {en},
 month = {March},
 number = {12},
 pages = {124113},
 title = {Accurate prediction of nuclear magnetic resonance shielding constants: {Towards} the accuracy of {CCSD}({T}) complete basis set limit},
 volume = {138},
 year = {2013}
}

@book{Szabo-Ostlund.Dover.1996,
 address = {New York},
 author = {SZABO, ATTILA and OSTLUND, NEIL S.},
 isbn = {978-0-486-69186-2},
 publisher = {Dover Publications Inc.},
 title = {Modern {Quantum} {Chemistry}: {Introduction} to {Advanced} {Electronic} {Structure} {Theory}},
 year = {1996}
}

@article{Tao-Scuseria.PRL.2003,
 author = {TAO, JIANMIN and PERDEW, JOHN P. and STAROVEROV, VIKTOR N. and SCUSERIA, GUSTAVO E.},
 doi = {10.1103/PhysRevLett.91.146401},
 issn = {0031-9007, 1079-7114},
 journal = {Phys. Rev. Lett.},

 language = {en},
 month = {September},
 number = {14},
 pages = {146401},
 title = {Climbing the {Density} {Functional} {Ladder}: {Nonempirical} {Meta}-{Generalized} {Gradient} {Approximation} {Designed} for {Molecules} and {Solids}},
 volume = {91},
 year = {2003}
}

@article{Teale-Helgaker.JCP.2009,
 author = {TEALE, A. M. and CORIANI, S. and HELGAKER, T.},
 doi = {10.1063/1.3082285},
 issn = {0021-9606, 1089-7690},
 journal = {J. Chem. Phys.},
 language = {en},
 month = {March},
 number = {10},
 pages = {104111},
 title = {The calculation of adiabatic-connection curves from full configuration-interaction densities: {Two}-electron systems},
 volume = {130},
 year = {2009}
}

@article{Teale-Helgaker.JCP.2010,
 author = {TEALE, A. M. and CORIANI, S. and HELGAKER, T.},
 doi = {10.1063/1.3380834},
 issn = {0021-9606, 1089-7690},
 journal = {J. Chem. Phys.},
 language = {en},
 month = {April},
 number = {16},
 pages = {164115},
 title = {Accurate calculation and modeling of the adiabatic connection in density functional theory},
 volume = {132},
 year = {2010}
}

@article{Tishchenko-Truhlar.JCTC.2008,
 author = {TISHCHENKO, OKSANA and ZHENG, JINGJING and TRUHLAR, DONALD G.},
 doi = {10.1021/ct800077r},
 issn = {1549-9618, 1549-9626},
 journal = {J. Chem. Theory Comput.},
 language = {en},
 month = {August},
 number = {8},
 pages = {1208--1219},
 title = {Multireference {Model} {Chemistries} for {Thermochemical} {Kinetics}},
 volume = {4},
 year = {2008}
}

@Article{Toivanen-Sundholm.PCCP.2015,
  author   = {TOIVANEN, ELIAS A. and LOSILLA, SERGIO A. and SUNDHOLM, DAGE},
  journal  = {Phys. Chem. Chem. Phys.},
  title    = {The grid-based fast multipole method -- a massively parallel numerical scheme for calculating two-electron interaction energies},
  year     = {2015},
  issn     = {1463-9076, 1463-9084},
  number   = {47},
  pages    = {31480--31490},
  volume   = {17},
  doi      = {10.1039/C5CP01173F},
  language = {en},
}

@article{Toulouse-Adamo.JCP.2011,
 author = {TOULOUSE, JULIEN and SHARKAS, KAMAL and BRÉMOND, ERIC and ADAMO, CARLO},
 doi = {10.1063/1.3640019},
 issn = {0021-9606, 1089-7690},
 journal = {J. Chem. Phys.},

 language = {en},
 month = {September},
 number = {10},
 pages = {101102},
 title = {Communication: {Rationale} for a new class of double-hybrid approximations in density-functional theory},
 volume = {135},
 year = {2011}
}

@article{Trucks-Bartlett.CPL.1988,
 author = {TRUCKS, GARY W. and SALTER, E.A. and SOSA, CARLOS and BARTLETT, RODNEY J.},
 doi = {10.1016/0009-2614(88)80249-5},
 issn = {0009-2614},
 journal = {Chem. Phys. Lett.},
 month = {June},
 number = {4},
 pages = {359--366},
 title = {Theory and implementation of the {MBPT} density matrix. {An} application to one-electron properties},
 volume = {147},
 year = {1988}
}

@article{Truhlar-Truhlar.CPL.1998,
 author = {TRUHLAR, DONALD G.},
 doi = {10.1016/S0009-2614(98)00866-5},
 issn = {00092614},
 journal = {Chem. Phys. Lett.},
 language = {en},
 month = {September},
 number = {1-3},
 pages = {45--48},
 title = {Basis-set extrapolation},
 volume = {294},
 year = {1998}
}

@article{Trushin-Goerling.JCP.2021,
 author = {TRUSHIN, EGOR and THIERBACH, ADRIAN and GÖRLING, ANDREAS},
 doi = {10.1063/5.0026849},
 issn = {0021-9606, 1089-7690},
 journal = {J. Chem. Phys.},
 language = {en},
 month = {January},
 number = {1},
 pages = {014104},
 title = {Toward chemical accuracy at low computational cost: {Density}-functional theory with $\sigma$-functionals for the correlation energy},
 volume = {154},
 year = {2021}
}

@article{Tschumper-Quack.JCP.2002,
 author = {TSCHUMPER, GREGORY S. and LEININGER, MATTHEW L. and HOFFMAN, BRIAN C. and VALEEV, EDWARD F. and SCHAEFER, HENRY F. and QUACK, MARTIN},
 doi = {10.1063/1.1408302},
 issn = {0021-9606, 1089-7690},
 journal = {J. Chem. Phys.},
 language = {en},
 month = {January},
 number = {2},
 pages = {690--701},
 title = {Anchoring the water dimer potential energy surface with explicitly correlated computations and focal point analyses},
 volume = {116},
 year = {2002}
}

@article{Tschumper-Tschumper.JCP.2001,
 author = {TSCHUMPER, GREGORY S.},
 doi = {10.1063/1.1329888},
 issn = {0021-9606},
 journal = {J. Chem. Phys.},
 month = {January},
 number = {1},
 pages = {225--230},
 title = {Chemically accurate conformational energies for aziridine-2-carbonitrile},
 volume = {114},
 year = {2001}
}

@article{Tsuneda-Hirao.JCP.1999,
 author = {TSUNEDA, TAKAO and SUZUMURA, TOSHIHISA and HIRAO, KIMIHIKO},
 doi = {10.1063/1.479012},
 issn = {0021-9606, 1089-7690},
 journal = {J. Chem. Phys.},
 langid = {english},
 month = {June},
 number = {22},
 pages = {10664--10678},
 title = {A New One-Parameter Progressive {{Colle}}-{{Salvetti-type}} Correlation Functional},
 volume = {110},
 year = {1999}
}

@article{Tsuneda-Hirao.JCP.1999a,
 author = {TSUNEDA, TAKAO and SUZUMURA, TOSHIHISA and HIRAO, KIMIHIKO},
 doi = {10.1063/1.479954},
 issn = {0021-9606, 1089-7690},
 journal = {J. Chem. Phys.},
 langid = {english},
 month = {October},
 number = {13},
 pages = {5656--5667},
 title = {A Reexamination of Exchange Energy Functionals},
 volume = {111},
 year = {1999}
}

@article{Vahtras-Feyereisen.CPL.1993,
 author = {VAHTRAS, O. and ALMLÖF, J. and FEYEREISEN, M.W.},
 doi = {10.1016/0009-2614(93)89151-7},
 issn = {00092614},
 journal = {Chem. Phys. Lett.},
 language = {en},
 month = {October},
 number = {5-6},
 pages = {514--518},
 title = {Integral approximations for {LCAO}-{SCF} calculations},
 volume = {213},
 year = {1993}
}

@article{Valiev-Jong.CPC.2010,
 author = {VALIEV, M. and BYLASKA, E. J. and GOVIND, N. and KOWALSKI, K. and STRAATSMA, T. P. and VAN DAM, H. J. J. and WANG, D. and NIEPLOCHA, J. and APRA, E. and WINDUS, T. L. and DE JONG, W. A.},
 doi = {10.1016/j.cpc.2010.04.018},
 issn = {0010-4655},
 journal = {Comput. Phys. Commun.},

 month = {September},
 number = {9},
 pages = {1477--1489},
 title = {{NWChem}: {A} comprehensive and scalable open-source solution for large scale molecular simulations},
 volume = {181},
 year = {2010}
}

@article{VanMourik-Dunning.IJQC.2000,
 author = {VAN MOURIK, TANJA and DUNNING, THOM H.},
 doi = {10.1002/(SICI)1097-461X(2000)76:2<205::AID-QUA10>3.0.CO;2-C},
 issn = {0020-7608, 1097-461X},
 journal = {Int. J. Quantum Chem.},
 language = {en},
 number = {2},
 pages = {205--221},
 title = {Gaussian basis sets for use in correlated molecular calculations. {VIII}. {Standard} and augmented sextuple zeta correlation consistent basis sets for aluminum through argon},
 volume = {76},
 year = {2000}
}

@article{VanMourik-Dunning.MP.1999,
 author = {VAN MOURIK, TANJA and WILSON, ANGELA K. and DUNNING, THOM H.},
 doi = {10.1080/00268979909482990},
 issn = {0026-8976, 1362-3028},
 journal = {Mol. Phys.},
 language = {en},
 month = {February},
 number = {4},
 pages = {529--547},
 title = {Benchmark calculations with correlated molecular wavefunctions. {XIII}. {Potential} energy curves for {He}$_{\textrm{2}}$, {Ne}$_{\textrm{2}}$ and {Ar}$_{\textrm{2}}$ using correlation consistent basis sets through augmented sextuple zeta},
 volume = {96},
 year = {1999}
}

@article{Verma-Truhlar.JPCA.2019,
 author = {VERMA, PRAGYA and WANG, YING and GHOSH, SOUMEN and HE, XIAO and TRUHLAR, DONALD G.},
 doi = {10.1021/acs.jpca.8b11499},
 issn = {1089-5639, 1520-5215},
 journal = {J. Phys. Chem. A},
 langid = {english},
 month = {April},
 number = {13},
 pages = {2966--2990},
 title = {Revised {{M11 Exchange-Correlation Functional}} for {{Electronic Excitation Energies}} and {{Ground-State Properties}}},
 volume = {123},
 year = {2019}
}

@article{Virtanen-Vazquez-Baeza.NM.2020,
 author = {VIRTANEN, PAULI and GOMMERS, RALF and OLIPHANT, TRAVIS E. and HABERLAND, MATT and REDDY, TYLER and COURNAPEAU, DAVID and BUROVSKI, EVGENI and PETERSON, PEARU and WECKESSER, WARREN and BRIGHT, JONATHAN and VAN DER WALT, STÉFAN J. and BRETT, MATTHEW and WILSON, JOSHUA and MILLMAN, K. JARROD and MAYOROV, NIKOLAY and NELSON, ANDREW R. J. and JONES, ERIC and KERN, ROBERT and LARSON, ERIC and CAREY, C J and POLAT, İLHAN and FENG, YU and MOORE, ERIC W. and VANDERPLAS, JAKE and LAXALDE, DENIS and PERKTOLD, JOSEF and CIMRMAN, ROBERT and HENRIKSEN, IAN and QUINTERO, E. A. and HARRIS, CHARLES R. and ARCHIBALD, ANNE M. and RIBEIRO, ANTÔNIO H. and PEDREGOSA, FABIAN and VAN MULBREGT, PAUL and {SCIPY 1.0 CONTRIBUTORS} and VIJAYKUMAR, ADITYA and BARDELLI, ALESSANDRO PIETRO and ROTHBERG, ALEX and HILBOLL, ANDREAS and KLOECKNER, ANDREAS and SCOPATZ, ANTHONY and LEE, ANTONY and ROKEM, ARIEL and WOODS, C. NATHAN and FULTON, CHAD and MASSON, CHARLES and HÄGGSTRÖM, CHRISTIAN and FITZGERALD, CLARK and NICHOLSON, DAVID A. and HAGEN, DAVID R. and PASECHNIK, DMITRII V. and OLIVETTI, EMANUELE and MARTIN, ERIC and WIESER, ERIC and SILVA, FABRICE and LENDERS, FELIX and WILHELM, FLORIAN and YOUNG, G. and PRICE, GAVIN A. and INGOLD, GERT-LUDWIG and ALLEN, GREGORY E. and LEE, GREGORY R. and AUDREN, HERVÉ and PROBST, IRVIN and DIETRICH, JÖRG P. and SILTERRA, JACOB and WEBBER, JAMES T and SLAVIČ, JANKO and NOTHMAN, JOEL and BUCHNER, JOHANNES and KULICK, JOHANNES and SCHÖNBERGER, JOHANNES L. and DE MIRANDA CARDOSO, JOSÉ VINÍCIUS and REIMER, JOSCHA and HARRINGTON, JOSEPH and RODRÍGUEZ, JUAN LUIS CANO and NUNEZ-IGLESIAS, JUAN and KUCZYNSKI, JUSTIN and TRITZ, KEVIN and THOMA, MARTIN and NEWVILLE, MATTHEW and KÜMMERER, MATTHIAS and BOLINGBROKE, MAXIMILIAN and TARTRE, MICHAEL and PAK, MIKHAIL and SMITH, NATHANIEL J. and NOWACZYK, NIKOLAI and SHEBANOV, NIKOLAY and PAVLYK, OLEKSANDR and BRODTKORB, PER A. and LEE, PERRY and MCGIBBON, ROBERT T. and FELDBAUER, ROMAN and LEWIS, SAM and TYGIER, SAM and SIEVERT, SCOTT and VIGNA, SEBASTIANO and PETERSON, STEFAN and MORE, SURHUD and PUDLIK, TADEUSZ and OSHIMA, TAKUYA and PINGEL, THOMAS J. and ROBITAILLE, THOMAS P. and SPURA, THOMAS and JONES, THOUIS R. and CERA, TIM and LESLIE, TIM and ZITO, TIZIANO and KRAUSS, TOM and UPADHYAY, UTKARSH and HALCHENKO, YAROSLAV O. and VÁZQUEZ-BAEZA, YOSHIKI},
 doi = {10.1038/s41592-019-0686-2},
 issn = {1548-7091, 1548-7105},
 journal = {Nat. Methods},
 language = {en},
 month = {March},
 number = {3},
 pages = {261--272},
 title = {{SciPy} 1.0: fundamental algorithms for scientific computing in {Python}},
 volume = {17},
 year = {2020}
}

@article{Vosko-Nusair.CJP.1980,
 author = {VOSKO, S. H. and WILK, L. and NUSAIR, M.},
 doi = {10.1139/p80-159},
 journal = {Can. J. Phys.},
 number = {8},
 pages = {1200--1211},
 title = {Accurate spin-dependent electron liquid correlation energies for local spin density calculations: a critical analysis},
 volume = {58},
 year = {1980}
}

@article{Vydrov-VanVoorhis.JCP.2010,
 author = {VYDROV, OLEG A. and VAN VOORHIS, TROY},
 doi = {10.1063/1.3521275},
 issn = {0021-9606, 1089-7690},
 journal = {J. Chem. Phys.},

 language = {en},
 month = {December},
 number = {24},
 pages = {244103},
 title = {Nonlocal van der {Waals} density functional: {The} simpler the better},
 volume = {133},
 year = {2010}
}

@Article{Wang-He.JCTC.2017,
  author  = {WANG, YING and WANG, XIANWEI and TRUHLAR, DONALD G. and HE, XIAO},
  journal = {J. Chem. Theory Comput.},
  title   = {How {Well} {Can} the {M06} {Suite} of {Functionals} {Describe} the {Electron} {Densities} of {Ne}, {Ne}\textsuperscript{6+}, and {Ne}\textsuperscript{8+}?},
  year    = {2017},
  month   = {November},
  number  = {12},
  pages   = {6068--6077},
  volume  = {13},
  doi     = {10.1021/acs.jctc.7b00865},
  pmid    = {29111721},
}

@article{Wang-He.PNAS.2017,
 author = {WANG, YING and JIN, XINSHENG and YU, HAOYU S. and TRUHLAR, DONALD G. and HE, XIAO},
 doi = {10.1073/pnas.1705670114},
 issn = {0027-8424, 1091-6490},
 journal = {Proc. Natl. Acad. Sci.},
 langid = {english},
 month = {August},
 number = {32},
 pages = {8487--8492},
 title = {Revised {{M06-L}} Functional for Improved Accuracy on Chemical Reaction Barrier Heights, Noncovalent Interactions, and Solid-State Physics},
 volume = {114},
 year = {2017}
}

@article{Wang-He.PNAS.2018,
 author = {WANG, YING and VERMA, PRAGYA and JIN, XINSHENG and TRUHLAR, DONALD G. and HE, XIAO},
 doi = {10.1073/pnas.1810421115},
 issn = {0027-8424, 1091-6490},
 journal = {Proc. Natl. Acad. Sci.},
 langid = {english},
 month = {October},
 number = {41},
 pages = {10257--10262},
 title = {Revised {{M06}} Density Functional for Main-Group and Transition-Metal Chemistry},
 volume = {115},
 year = {2018}
}

@article{Wang-He.PNAS.2020,
 author = {WANG, YING and VERMA, PRAGYA and ZHANG, LUJIA and LI, YAQI and LIU, ZHONGHUA and TRUHLAR, DONALD G. and HE, XIAO},
 doi = {10.1073/pnas.1913699117},
 issn = {0027-8424, 1091-6490},
 journal = {Proc. Natl. Acad. Sci.},
 langid = {english},
 month = {February},
 number = {5},
 pages = {2294--2301},
 title = {M06-{{SX}} Screened-Exchange Density Functional for Chemistry and Solid-State Physics},
 volume = {117},
 year = {2020}
}

@article{Wang-Xu.JA.2021,
 author = {WANG, YIZHEN and LI, YAJING and CHEN, JUN and ZHANG, IGOR YING and XU, XIN},
 doi = {10.1021/jacsau.1c00011},
 issn = {2691-3704, 2691-3704},
 journal = {JACS Au},
 language = {en},
 month = {May},
 number = {5},
 pages = {543--549},
 title = {Doubly {Hybrid} {Functionals} {Close} to {Chemical} {Accuracy} for {Both} {Finite} and {Extended} {Systems}: {Implementation} and {Test} of {XYG3} and {XYGJ}-{OS}},
 volume = {1},
 year = {2021}
}

@article{Wang-Xu.JCP.2018,
 author = {WANG, KANGLI and SUN, MENG and CUI, DENG and SHEN, TONGHAO and WU, ANAN and XU, XIN},
 doi = {10.1063/1.5041979},
 issn = {0021-9606, 1089-7690},
 journal = {J. Chem. Phys.},
 language = {en},
 month = {November},
 number = {18},
 pages = {184101},
 title = {Accurate prediction of nuclear magnetic resonance shielding constants: {An} extension of the focal-point analysis method for magnetic parameter calculations ({FPA}-{M}) with improved efficiency},
 volume = {149},
 year = {2018}
}

@article{Weigend-Ahlrichs.CPL.1998,
 author = {WEIGEND, FLORIAN and HÄSER, MARCO and PATZELT, HOLGER and AHLRICHS, REINHART},
 doi = {10.1016/S0009-2614(98)00862-8},
 issn = {00092614},
 journal = {Chem. Phys. Lett.},
 language = {en},
 month = {September},
 number = {1-3},
 pages = {143--152},
 title = {{RI}-{MP2}: optimized auxiliary basis sets and demonstration of efficiency},
 volume = {294},
 year = {1998}
}

@article{Weigend-Ahlrichs.JCP.2003,
 author = {WEIGEND, FLORIAN and FURCHE, FILIPP and AHLRICHS, REINHART},
 doi = {10.1063/1.1627293},
 issn = {0021-9606, 1089-7690},
 journal = {J. Chem. Phys.},
 language = {en},
 month = {December},
 number = {24},
 pages = {12753--12762},
 title = {Gaussian basis sets of quadruple zeta valence quality for atoms {H}-{Kr}},
 volume = {119},
 year = {2003}
}

@article{Weigend-Ahlrichs.PCCP.2005,
 author = {WEIGEND, FLORIAN and AHLRICHS, REINHART},
 doi = {10.1039/b508541a},
 issn = {1463-9076, 1463-9084},
 journal = {Phys. Chem. Chem. Phys.},
 language = {en},
 number = {18},
 pages = {3297},
 title = {Balanced basis sets of split valence, triple zeta valence and quadruple zeta valence quality for {H} to {Rn}: {Design} and assessment of accuracy},
 volume = {7},
 year = {2005}
}

@article{Weigend-Haeser.TCA.1997,
 author = {WEIGEND, FLORIAN and HÄSER, MARCO},
 doi = {10.1007/s002140050269},
 issn = {1432-881X, 1432-2234},
 journal = {Theor. Chem. Acc.},
 month = {October},
 number = {1-4},
 pages = {331--340},
 title = {{RI}-{MP2}: first derivatives and global consistency},
 volume = {97},
 year = {1997}
}

@article{Weigend-Haettig.JCP.2002,
 author = {WEIGEND, FLORIAN and KÖHN, ANDREAS and HÄTTIG, CHRISTOF},
 doi = {10.1063/1.1445115},
 issn = {0021-9606, 1089-7690},
 journal = {J. Chem. Phys.},
 language = {en},
 month = {February},
 number = {8},
 pages = {3175--3183},
 title = {Efficient use of the correlation consistent basis sets in resolution of the identity {MP2} calculations},
 volume = {116},
 year = {2002}
}

@article{Weigend-Weigend.JCC.2008,
 author = {WEIGEND, FLORIAN},
 doi = {10.1002/jcc.20702},
 issn = {01928651, 1096987X},
 journal = {J. Comput. Chem.},
 language = {en},
 month = {January},
 number = {2},
 pages = {167--175},
 title = {Hartree-{Fock} exchange fitting basis sets for {H} to {Rn}},
 volume = {29},
 year = {2008}
}

@article{Weigend-Weigend.PCCP.2002,
 author = {WEIGEND, FLORIAN},
 doi = {10.1039/b204199p},
 issn = {14639076, 14639084},
 journal = {Phys. Chem. Chem. Phys.},
 month = {September},
 number = {18},
 pages = {4285--4291},
 title = {A fully direct {RI}-{HF} algorithm: {Implementation}, optimised auxiliary basis sets, demonstration of accuracy and efficiency},
 volume = {4},
 year = {2002}
}

@article{Wellendorff-Bligaard.JCP.2014,
 author = {WELLENDORFF, JESS and LUNDGAARD, KELD T. and JACOBSEN, KARSTEN W. and BLIGAARD, THOMAS},
 doi = {10.1063/1.4870397},
 issn = {0021-9606, 1089-7690},
 journal = {J. Chem. Phys.},
 langid = {english},
 month = {April},
 number = {14},
 pages = {144107},
 title = {{{mBEEF}}: {{An}} Accurate Semi-Local {{Bayesian}} Error Estimation Density Functional},
 volume = {140},
 year = {2014}
}

@Article{Wheeler-Wagner.JCP.2023,
  author   = {WHEELER, WILLIAM A. and PATHAK, SHIVESH and KLEINER, KEVIN G. and YUAN, SHUNYUE and RODRIGUES, JOÃO N. B. and LORSUNG, COOPER and KRONGCHON, KITTITHAT and CHANG, YUEQING and ZHOU, YIQING and BUSEMEYER, BRIAN and WILLIAMS, KIEL T. and MUÑOZ, ALEXANDER and CHOW, CHUN YU and WAGNER, LUCAS K.},
  journal  = {J. Chem. Phys.},
  title    = {\texttt{PyQMC}: {An} all-{Python} real-space quantum {Monte} {Carlo} module in \texttt{PySCF}},
  year     = {2023},
  issn     = {0021-9606, 1089-7690},
  month    = {March},
  number   = {11},
  pages    = {114801},
  volume   = {158},
  doi      = {10.1063/5.0139024},
  language = {en},
}

@article{Wigner-Wigner.TFS.1938,
 author = {WIGNER, E.},
 doi = {10.1039/tf9383400678},
 issn = {0014-7672},
 journal = {Trans. Faraday Soc.},
 langid = {english},
 pages = {678},
 title = {Effects of the Electron Interaction on the Energy Levels of Electrons in Metals},
 volume = {34},
 year = {1938}
}

@article{Wilkins-Ceriotti.PNAS.2019,
 author = {WILKINS, DAVID M. and GRISAFI, ANDREA and YANG, YANG and LAO, KA UN and DISTASIO, ROBERT A. and CERIOTTI, MICHELE},
 doi = {10.1073/pnas.1816132116},
 journal = {Proc. Natl. Acad. Sci.},
 number = {9},
 pages = {3401--3406},
 title = {Accurate molecular polarizabilities with coupled cluster theory and machine learning},
 volume = {116},
 year = {2019}
}

@book{Wilson-Cross.Dover.1955,
 address = {New York},
 author = {WILSON, E. BRIGHT and DECIUS, J. C. and CROSS, PAUL C.},
 edition = {Reprint ed},
 isbn = {0-486-63941-X},
 publisher = {Dover Publication Inc.},
 title = {Molecular {Vibrations}},
 year = {1955}
}

@article{Wilson-Dunning.JCP.1999,
 author = {WILSON, ANGELA K. and WOON, DAVID E. and PETERSON, KIRK A. and DUNNING, THOM H.},
 doi = {10.1063/1.478678},
 issn = {0021-9606, 1089-7690},
 journal = {J. Chem. Phys.},
 language = {en},
 month = {April},
 number = {16},
 pages = {7667--7676},
 title = {Gaussian basis sets for use in correlated molecular calculations. {IX}. {The} atoms gallium through krypton},
 volume = {110},
 year = {1999}
}

@article{Wilson-Dunning.JMST.1996,
 author = {WILSON, ANGELA K. and VAN MOURIK, TANJA and DUNNING, THOM H.},
 doi = {10.1016/S0166-1280(96)80048-0},
 issn = {01661280},
 journal = {J. Mol. Struct. THEOCHEM},
 language = {en},
 month = {December},
 pages = {339--349},
 title = {Gaussian basis sets for use in correlated molecular calculations. {VI}. {Sextuple} zeta correlation consistent basis sets for boron through neon},
 volume = {388},
 year = {1996}
}

@article{Wilson-Tozer.JCP.2001,
 author = {WILSON, PHILIP J. and BRADLEY, THOMAS J. and TOZER, DAVID J.},
 doi = {10.1063/1.1412605},
 issn = {0021-9606, 1089-7690},
 journal = {J. Chem. Phys.},
 langid = {english},
 month = {November},
 number = {20},
 pages = {9233--9242},
 title = {Hybrid Exchange-Correlation Functional Determined from Thermochemical Data and {\emph{Ab Initio}} Potentials},
 volume = {115},
 year = {2001}
}

@article{Woon-Dunning.JCP.1993,
 author = {WOON, DAVID E. and DUNNING, THOM H.},
 doi = {10.1063/1.464303},
 issn = {0021-9606, 1089-7690},
 journal = {J. Chem. Phys.},
 language = {en},
 month = {January},
 number = {2},
 pages = {1358--1371},
 title = {Gaussian basis sets for use in correlated molecular calculations. {III}. {The} atoms aluminum through argon},
 volume = {98},
 year = {1993}
}

@article{Woon-Dunning.JCP.1994,
 author = {WOON, DAVID E. and DUNNING, THOM H.},
 doi = {10.1063/1.466439},
 issn = {0021-9606, 1089-7690},
 journal = {J. Chem. Phys.},
 language = {en},
 month = {February},
 number = {4},
 pages = {2975--2988},
 title = {Gaussian basis sets for use in correlated molecular calculations. {IV}. {Calculation} of static electrical response properties},
 volume = {100},
 year = {1994}
}

@article{Wu-Thakkar.CPL.2015,
 author = {WU, TAOZHE and KALUGINA, YULIA N. and THAKKAR, AJIT J.},
 doi = {10.1016/j.cplett.2015.07.003},
 issn = {00092614},
 journal = {Chem. Phys. Lett.},
 language = {en},
 month = {August},
 pages = {257--261},
 title = {Choosing a density functional for static molecular polarizabilities},
 volume = {635},
 year = {2015}
}

@book{Xing-Pei.HEP.2005,
 author = {邢其毅 and 裴伟伟 and 徐瑞秋 and 裴坚},
 edition = {第 3 版},
 isbn = {978-7-04-016637-8},
 publisher = {高等教育出版社},
 title = {基础有机化学},
 year = {2005}
}

@article{Xu-Goddard.PNAS.2004,
 author = {XU, XIN and GODDARD, WILLIAM A.},
 doi = {10.1073/pnas.0308730100},
 issn = {0027-8424, 1091-6490},
 journal = {Proc. Natl. Acad. Sci.},
 language = {en},
 month = {March},
 number = {9},
 pages = {2673--2677},
 title = {The {X3LYP} extended density functional for accurate descriptions of nonbond interactions, spin states, and thermochemical properties},
 volume = {101},
 year = {2004}
}

@book{Yamaguchi-Schaefer.Oxford.1994,
 address = {New York},
 author = {YAMAGUCHI, YUKIO and GODDARD, JOHN D. and OSAMURA, YOSHIHIRO and SCHAEFER, HENRY},
 isbn = {978-0-19-507028-6},

 publisher = {Oxford University Press},
 title = {A {New} {Dimension} to {Quantum} {Chemistry}: {Analytic} {Derivative} {Methods} in {Ab} {Initio} {Molecular} {Electronic} {Structure} {Theory}},
 year = {1994}
}

@article{Yan-Xu.JCTC.2022,
 author = {YAN, WENJIE and XU, XIN},
 doi = {10.1021/acs.jctc.2c00055},
 issn = {1549-9618, 1549-9626},
 journal = {J. Chem. Theory Comput.},
 language = {en},
 month = {May},
 number = {5},
 pages = {2931--2946},
 title = {Accurate {Prediction} of {Nuclear} {Magnetic} {Resonance} {Parameters} via the {XYG3} {Type} of {Doubly} {Hybrid} {Density} {Functionals}},
 volume = {18},
 year = {2022}
}

@phdthesis{Yan.Thesis.2022,
 address = {上海},
 author = {{颜文杰}},
 month = {April},
 school = {复旦大学},
 title = {双杂化密度泛函 的理论模型与解析梯度方法新进展},
 year = {2022}
}

@article{Yanai-Handy.CPL.2004,
 author = {YANAI, TAKESHI and TEW, DAVID P and HANDY, NICHOLAS C},
 doi = {10.1016/j.cplett.2004.06.011},
 issn = {00092614},
 journal = {Chem. Phys. Lett.},
 langid = {english},
 month = {July},
 number = {1-3},
 pages = {51--57},
 title = {A New Hybrid Exchange-Correlation Functional Using the {{Coulomb-attenuating}} Method ({{CAM-B3LYP}})},
 volume = {393},
 year = {2004}
}

@article{Yang-Mori-Sanchez.JCP.2012,
 author = {YANG, WEITAO and COHEN, ARON J. and MORI-SÁNCHEZ, PAULA},
 doi = {10.1063/1.3702391},
 issn = {0021-9606},
 journal = {J. Chem. Phys.},
 month = {May},
 number = {20},
 pages = {204111},
 title = {Derivative discontinuity, bandgap and lowest unoccupied molecular orbital in density functional theory},
 volume = {136},
 year = {2012}
}

@article{Yu-Truhlar.CS.2016,
 author = {YU, HAOYU S. and HE, XIAO and LI, SHAOHONG L. and TRUHLAR, DONALD G.},
 doi = {10.1039/C6SC00705H},
 issn = {2041-6520, 2041-6539},
 journal = {Chem. Sci.},
 language = {en},
 number = {8},
 pages = {5032--5051},
 title = {{MN15}: {A} {Kohn}-{Sham} global-hybrid exchange-correlation density functional with broad accuracy for multi-reference and single-reference systems and noncovalent interactions},
 volume = {7},
 year = {2016}
}

@article{Yu-Truhlar.JCP.2016,
 author = {YU, HAOYU S. and LI, SHAOHONG L. and TRUHLAR, DONALD G.},
 doi = {10.1063/1.4963168},
 journal = {J. Chem. Phys.},
 month = {October},
 number = {13},
 pages = {130901},
 title = {Perspective: {Kohn}-{Sham} density functional theory descending a staircase},
 volume = {145},
 year = {2016}
}

@article{Yu-Truhlar.JCTC.2016,
 author = {YU, HAOYU S. and HE, XIAO and TRUHLAR, DONALD G.},
 doi = {10.1021/acs.jctc.5b01082},
 issn = {1549-9618, 1549-9626},
 journal = {J. Chem. Theory Comput.},
 langid = {english},
 month = {March},
 number = {3},
 pages = {1280--1293},
 title = {{{MN15-L}}: {{A New Local Exchange-Correlation Functional}} for {{Kohn}}-{{Sham Density Functional Theory}} with {{Broad Accuracy}} for {{Atoms}}, {{Molecules}}, and {{Solids}}},
 volume = {12},
 year = {2016}
}

@article{Yu-Truhlar.PCCP.2015,
 author = {YU, HAOYU S. and ZHANG, WENJING and VERMA, PRAGYA and HE, XIAO and TRUHLAR, DONALD G.},
 doi = {10.1039/C5CP01425E},
 issn = {1463-9076, 1463-9084},
 journal = {Phys. Chem. Chem. Phys.},
 language = {en},
 number = {18},
 pages = {12146--12160},
 title = {Nonseparable exchange-correlation functional for molecules, including homogeneous catalysis involving transition metals},
 volume = {17},
 year = {2015}
}

@article{Zhang-Goddard.PNAS.2009,
 author = {ZHANG, Y. and XU, X. and GODDARD, W. A.},
 doi = {10.1073/pnas.0901093106},
 issn = {0027-8424, 1091-6490},
 journal = {Proc. Natl. Acad. Sci.},
 language = {en},
 month = {March},
 number = {13},
 pages = {4963--4968},
 title = {Doubly hybrid density functional for accurate descriptions of nonbond interactions, thermochemistry, and thermochemical kinetics},
 volume = {106},
 year = {2009}
}

@article{Zhang-Goddard.PNAS.2011,
 author = {ZHANG, I. Y. and XU, X. and JUNG, Y. and GODDARD, W. A.},
 doi = {10.1073/pnas.1115123108},
 journal = {Proc. Natl. Acad. Sci.},
 number = {50},
 pages = {19896--19900},
 title = {A fast doubly hybrid density functional method close to chemical accuracy using a local opposite spin ansatz},
 volume = {108},
 year = {2011}
}

@incollection{Zhang-Jiang.Elsevier.2023,
 author = {ZHANG, YAOLONG and JIANG, JUN and JIANG, BIN},
 booktitle = {Quantum {Chemistry} in the {Age} of {Machine} {Learning} (ch. 19)},
 doi = {10.1016/B978-0-323-90049-2.00019-6},
 editor = {Dral, Pavlo O.},
 isbn = {978-0-323-90049-2},

 pages = {453--465},
 publisher = {Elsevier},
 title = {Learning dipole moments and polarizabilities},
 year = {2023}
}

@article{Zhang-Scheffler.NJP.2016,
 author = {ZHANG, IGOR YING and RINKE, PATRICK and SCHEFFLER, MATTHIAS},
 doi = {10.1088/1367-2630/18/7/073026},
 issn = {1367-2630},
 journal = {New J. Phys.},
 month = {July},
 number = {7},
 pages = {073026},
 title = {Wave-function inspired density functional applied to the \ce{H2}/\ce{H2+} challenge},
 volume = {18},
 year = {2016}
}

@article{Zhang-Scheffler.PRL.2016,
 author = {ZHANG, IGOR YING and RINKE, PATRICK and PERDEW, JOHN P. and SCHEFFLER, MATTHIAS},
 doi = {10.1103/PhysRevLett.117.133002},
 issn = {0031-9007, 1079-7114},
 journal = {Phys. Rev. Lett.},
 language = {en},
 month = {September},
 number = {13},
 pages = {133002},
 title = {Towards {Efficient} {Orbital}-{Dependent} {Density} {Functionals} for {Weak} and {Strong} {Correlation}},
 volume = {117},
 year = {2016}
}

@article{Zhang-Xu.JCP.2012,
 author = {ZHANG, IGOR YING and SU, NEIL QIANG and BRÉMOND, {\'E}RIC A. G. and ADAMO, CARLO and XU, XIN},
 doi = {10.1063/1.3703893},
 journal = {J. Chem. Phys.},
 number = {17},
 pages = {174103},
 title = {Doubly hybrid density functional {xDH}-{PBE0} from a parameter-free global hybrid model {PBE0}},
 volume = {136},
 year = {2012}
}

@article{Zhang-Xu.JPCL.2013,
 author = {ZHANG, IGOR YING and XU, XIN},
 doi = {10.1021/jz400695u},
 issn = {1948-7185},
 journal = {J. Phys. Chem. Lett.},
 language = {en},
 month = {May},
 number = {10},
 pages = {1669--1675},
 title = {Reaching a {Uniform} {Accuracy} for {Complex} {Molecular} {Systems}: {Long}-{Range}-{Corrected} {XYG3} {Doubly} {Hybrid} {Density} {Functional}},
 volume = {4},
 year = {2013}
}

@article{Zhang-Xu.JPCL.2019,
 author = {ZHANG, IGOR YING and XU, XIN},
 doi = {10.1021/acs.jpclett.9b00946},
 issn = {1948-7185},
 journal = {J. Phys. Chem. Lett.},
 language = {en},
 month = {May},
 number = {10},
 pages = {2617--2623},
 title = {Simultaneous {Attenuation} of {Both} {Self}-{Interaction} {Error} and {Nondynamic} {Correlation} {Error} in {Density} {Functional} {Theory}: {A} {Spin}-{Pair} {Distinctive} {Adiabatic}-{Connection} {Approximation}},
 volume = {10},
 year = {2019}
}

@article{Zhang-Xu.JPCL.2021,
 author = {ZHANG, IGOR YING and XU, XIN},
 doi = {10.1021/acs.jpclett.1c00360},
 issn = {1948-7185, 1948-7185},
 journal = {J. Phys. Chem. Lett.},
 language = {en},
 month = {March},
 number = {10},
 pages = {2638--2644},
 title = {Exploring the {Limits} of the {XYG3}-{Type} {Doubly} {Hybrid} {Approximations} for the {Main}-{Group} {Chemistry}: {The} {xDH}@{B3LYP} {Model}},
 volume = {12},
 year = {2021}
}

@article{Zhang-Yang.PRL.1998,
 author = {ZHANG, YINGKAI and YANG, WEITAO},
 doi = {10.1103/PhysRevLett.80.890},
 issn = {0031-9007, 1079-7114},
 journal = {Phys. Rev. Lett.},
 langid = {english},
 month = {January},
 number = {4},
 pages = {890--890},
 title = {Comment on ``{{Generalized Gradient Approximation Made Simple}}''},
 volume = {80},
 year = {1998}
}

@article{Zhao-Truhlar.JCP.2005,
 author = {ZHAO, YAN and SCHULTZ, NATHAN E. and TRUHLAR, D. G.},
 doi = {10.1063/1.2126975},
 issn = {0021-9606, 1089-7690},
 journal = {J. Chem. Phys.},
 langid = {english},
 month = {October},
 number = {16},
 pages = {161103},
 title = {Exchange-Correlation Functional with Broad Accuracy for Metallic and Nonmetallic Compounds, Kinetics, and Noncovalent Interactions},
 volume = {123},
 year = {2005}
}

@article{Zhao-Truhlar.JCP.2006,
 author = {ZHAO, YAN and TRUHLAR, DONALD G.},
 doi = {10.1063/1.2370993},
 issn = {0021-9606, 1089-7690},
 journal = {J. Chem. Phys.},
 language = {en},
 month = {November},
 number = {19},
 pages = {194101},
 title = {A new local density functional for main-group thermochemistry, transition metal bonding, thermochemical kinetics, and noncovalent interactions},
 volume = {125},
 year = {2006}
}

@article{Zhao-Truhlar.JCP.2008,
 author = {ZHAO, YAN and TRUHLAR, DONALD G.},
 doi = {10.1063/1.2912068},
 issn = {0021-9606, 1089-7690},
 journal = {J. Chem. Phys.},
 langid = {english},
 month = {May},
 number = {18},
 pages = {184109},
 title = {Construction of a Generalized Gradient Approximation by Restoring the Density-Gradient Expansion and Enforcing a Tight {{Lieb}}-{{Oxford}} Bound},
 volume = {128},
 year = {2008}
}

@article{Zhao-Truhlar.JCTC.2005,
 author = {ZHAO, YAN and TRUHLAR, DONALD G.},
 doi = {10.1021/ct049851d},
 issn = {1549-9618, 1549-9626},
 journal = {J. Chem. Theory Comput.},
 langid = {english},
 month = {May},
 number = {3},
 pages = {415--432},
 title = {Benchmark {{Databases}} for {{Nonbonded Interactions}} and {{Their Use To Test Density Functional Theory}}},
 volume = {1},
 year = {2005}
}

@article{Zhao-Truhlar.JCTC.2006,
 author = {ZHAO, YAN and SCHULTZ, NATHAN E. and TRUHLAR, DONALD G.},
 doi = {10.1021/ct0502763},
 issn = {1549-9618, 1549-9626},
 journal = {J. Chem. Theory Comput.},
 language = {en},
 month = {March},
 number = {2},
 pages = {364--382},
 title = {Design of {Density} {Functionals} by {Combining} the {Method} of {Constraint} {Satisfaction} with {Parametrization} for {Thermochemistry}, {Thermochemical} {Kinetics}, and {Noncovalent} {Interactions}},
 volume = {2},
 year = {2006}
}

@article{Zhao-Truhlar.JCTC.2008,
 author = {ZHAO, YAN and TRUHLAR, DONALD G.},
 doi = {10.1021/ct800246v},
 issn = {1549-9618, 1549-9626},
 journal = {J. Chem. Theory Comput.},
 langid = {english},
 month = {November},
 number = {11},
 pages = {1849--1868},
 title = {Exploring the {{Limit}} of {{Accuracy}} of the {{Global Hybrid Meta Density Functional}} for {{Main-Group Thermochemistry}}, {{Kinetics}}, and {{Noncovalent Interactions}}},
 volume = {4},
 year = {2008}
}

@article{Zhao-Truhlar.JPCA.2004,
 author = {ZHAO, YAN and LYNCH, BENJAMIN J. and TRUHLAR, DONALD G.},
 doi = {10.1021/jp049253v},
 issn = {1089-5639, 1520-5215},
 journal = {J. Phys. Chem. A},
 language = {en},
 month = {May},
 number = {21},
 pages = {4786--4791},
 title = {Doubly {Hybrid} {Meta} {DFT}: {New} {Multi}-{Coefficient} {Correlation} and {Density} {Functional} {Methods} for {Thermochemistry} and {Thermochemical} {Kinetics}},
 volume = {108},
 year = {2004}
}

@article{Zhao-Truhlar.JPCA.2006,
 author = {ZHAO, YAN and TRUHLAR, DONALD G.},
 doi = {10.1021/jp066479k},
 issn = {1089-5639, 1520-5215},
 journal = {J. Phys. Chem. A},
 langid = {english},
 month = {December},
 number = {49},
 pages = {13126--13130},
 title = {Density {{Functional}} for {{Spectroscopy}}: {{No Long-Range Self-Interaction Error}}, {{Good Performance}} for {{Rydberg}} and {{Charge-Transfer States}}, and {{Better Performance}} on {{Average}} than {{B3LYP}} for {{Ground States}}},
 volume = {110},
 year = {2006}
}

@article{Zhao-Truhlar.TCA.2008,
 author = {ZHAO, YAN and TRUHLAR, DONALD G.},
 doi = {10.1007/s00214-007-0310-x},
 issn = {1432-881X, 1432-2234},
 journal = {Theor. Chem. Acc.},
 language = {en},
 month = {May},
 number = {1-3},
 pages = {215--241},
 title = {The {M06} suite of density functionals for main group thermochemistry, thermochemical kinetics, noncovalent interactions, excited states, and transition elements: two new functionals and systematic testing of four {M06}-class functionals and 12 other functionals},
 volume = {120},
 year = {2008}
}

@article{Zou-Hu.NCS.2023,
 author = {ZOU, ZIHAN and ZHANG, YUJIN and LIANG, LIJUN and WEI, MINGZHI and LENG, JIANCAI and JIANG, JUN and LUO, YI and HU, WEI},
 copyright = {2023 The Author(s), under exclusive licence to Springer Nature America, Inc.},
 doi = {10.1038/s43588-023-00550-y},
 issn = {2662-8457},
 journal = {Nat. Comput. Sci.},

 language = {en},
 month = {November},
 number = {11},
 pages = {957--964},
 title = {A deep learning model for predicting selected organic molecular spectra},
 volume = {3},
 year = {2023}
}

@Article{Sun-Sun.JCC.2015,
  author   = {SUN, Qiming},
  journal  = {J. Comput. Chem.},
  title    = {Libcint: {An} efficient general integral library for {Gaussian} basis functions},
  year     = {2015},
  number   = {22},
  pages    = {1664--1671},
  volume   = {36},
  doi      = {10.1002/jcc.23981},
  language = {en},
}

@Article{Ekstroem-Ruud.JCTC.2010,
  author    = {EKSTRÖM, Ulf and Visscher, Lucas and Bast, Radovan and Thorvaldsen, Andreas J. and Ruud, Kenneth},
  journal   = {J. Chem. Theory Comput.},
  title     = {Arbitrary-Order Density Functional Response Theory from Automatic Differentiation},
  year      = {2010},
  issn      = {1549-9626},
  month     = may,
  number    = {7},
  pages     = {1971--1980},
  volume    = {6},
  doi       = {10.1021/ct100117s},
  publisher = {American Chemical Society (ACS)},
}

@Article{IZSAK-NEESE.JCP.2011,
  author   = {IZSÁK, RÓBERT and NEESE, FRANK},
  journal  = {J. Chem. Phys.},
  title    = {An overlap fitted chain of spheres exchange method},
  year     = {2011},
  issn     = {0021-9606, 1089-7690},
  month    = oct,
  number   = {14},
  pages    = {144105},
  volume   = {135},
  doi      = {10.1063/1.3646921},
  file     = {Full Text:E\:\\Documents-Zotero\\storage\\U88JSWC3\\Izsák and Neese - 2011 - An overlap fitted chain of spheres exchange method.pdf:application/pdf},
  keywords = {COSX, RIJCOSX},
  language = {en},
  url      = {http://aip.scitation.org/doi/10.1063/1.3646921},
  urldate  = {2021-12-21},
}

@Comment{jabref-meta: databaseType:bibtex;}
